%YAML 1.1
%TAG !u! tag:unity3d.com,2011:
--- !u!29 &1
OcclusionCullingSettings:
  m_ObjectHideFlags: 0
  serializedVersion: 2
  m_OcclusionBakeSettings:
    smallestOccluder: 5
    smallestHole: 0.25
    backfaceThreshold: 100
  m_SceneGUID: 00000000000000000000000000000000
  m_OcclusionCullingData: {fileID: 0}
--- !u!104 &2
RenderSettings:
  m_ObjectHideFlags: 0
  serializedVersion: 8
  m_Fog: 0
  m_FogColor: {r: 0.5, g: 0.5, b: 0.5, a: 1}
  m_FogMode: 3
  m_FogDensity: 0.01
  m_LinearFogStart: 0
  m_LinearFogEnd: 300
  m_AmbientSkyColor: {r: 0.212, g: 0.227, b: 0.259, a: 1}
  m_AmbientEquatorColor: {r: 0.114, g: 0.125, b: 0.133, a: 1}
  m_AmbientGroundColor: {r: 0.047, g: 0.043, b: 0.035, a: 1}
  m_AmbientIntensity: 1
  m_AmbientMode: 0
  m_SubtractiveShadowColor: {r: 0.42, g: 0.478, b: 0.627, a: 1}
  m_SkyboxMaterial: {fileID: 10304, guid: 0000000000000000f000000000000000, type: 0}
  m_HaloStrength: 0.5
  m_FlareStrength: 1
  m_FlareFadeSpeed: 3
  m_HaloTexture: {fileID: 0}
  m_SpotCookie: {fileID: 10001, guid: 0000000000000000e000000000000000, type: 0}
  m_DefaultReflectionMode: 0
  m_DefaultReflectionResolution: 128
  m_ReflectionBounces: 1
  m_ReflectionIntensity: 1
  m_CustomReflection: {fileID: 0}
  m_Sun: {fileID: 0}
  m_IndirectSpecularColor: {r: 0.37311992, g: 0.38074034, b: 0.35872713, a: 1}
--- !u!157 &3
LightmapSettings:
  m_ObjectHideFlags: 0
  serializedVersion: 11
  m_GIWorkflowMode: 0
  m_GISettings:
    serializedVersion: 2
    m_BounceScale: 1
    m_IndirectOutputScale: 1
    m_AlbedoBoost: 1
    m_TemporalCoherenceThreshold: 1
    m_EnvironmentLightingMode: 0
    m_EnableBakedLightmaps: 1
    m_EnableRealtimeLightmaps: 1
  m_LightmapEditorSettings:
    serializedVersion: 9
    m_Resolution: 2
    m_BakeResolution: 40
    m_TextureWidth: 1024
    m_TextureHeight: 1024
    m_AO: 0
    m_AOMaxDistance: 1
    m_CompAOExponent: 1
    m_CompAOExponentDirect: 0
    m_Padding: 2
    m_LightmapParameters: {fileID: 0}
    m_LightmapsBakeMode: 1
    m_TextureCompression: 1
    m_FinalGather: 0
    m_FinalGatherFiltering: 1
    m_FinalGatherRayCount: 256
    m_ReflectionCompression: 2
    m_MixedBakeMode: 2
    m_BakeBackend: 0
    m_PVRSampling: 1
    m_PVRDirectSampleCount: 32
    m_PVRSampleCount: 500
    m_PVRBounces: 2
    m_PVRFilterTypeDirect: 0
    m_PVRFilterTypeIndirect: 0
    m_PVRFilterTypeAO: 0
    m_PVRFilteringMode: 1
    m_PVRCulling: 1
    m_PVRFilteringGaussRadiusDirect: 1
    m_PVRFilteringGaussRadiusIndirect: 5
    m_PVRFilteringGaussRadiusAO: 2
    m_PVRFilteringAtrousPositionSigmaDirect: 0.5
    m_PVRFilteringAtrousPositionSigmaIndirect: 2
    m_PVRFilteringAtrousPositionSigmaAO: 1
  m_LightingDataAsset: {fileID: 0}
  m_UseShadowmask: 1
--- !u!196 &4
NavMeshSettings:
  serializedVersion: 2
  m_ObjectHideFlags: 0
  m_BuildSettings:
    serializedVersion: 2
    agentTypeID: 0
    agentRadius: 0.5
    agentHeight: 2
    agentSlope: 45
    agentClimb: 0.4
    ledgeDropHeight: 0
    maxJumpAcrossDistance: 0
    minRegionArea: 2
    manualCellSize: 0
    cellSize: 0.16666667
    manualTileSize: 0
    tileSize: 256
    accuratePlacement: 0
  m_NavMeshData: {fileID: 0}
--- !u!1001 &40100233
Prefab:
  m_ObjectHideFlags: 0
  serializedVersion: 2
  m_Modification:
    m_TransformParent: {fileID: 0}
    m_Modifications:
    - target: {fileID: 4560259501532038, guid: 5e12b82319636e5479de69cb20cdbecc, type: 2}
      propertyPath: m_LocalPosition.x
      value: -3.891
      objectReference: {fileID: 0}
    - target: {fileID: 4560259501532038, guid: 5e12b82319636e5479de69cb20cdbecc, type: 2}
      propertyPath: m_LocalPosition.y
      value: 0.99644995
      objectReference: {fileID: 0}
    - target: {fileID: 4560259501532038, guid: 5e12b82319636e5479de69cb20cdbecc, type: 2}
      propertyPath: m_LocalPosition.z
      value: 0.016
      objectReference: {fileID: 0}
    - target: {fileID: 4560259501532038, guid: 5e12b82319636e5479de69cb20cdbecc, type: 2}
      propertyPath: m_LocalRotation.x
      value: -0
      objectReference: {fileID: 0}
    - target: {fileID: 4560259501532038, guid: 5e12b82319636e5479de69cb20cdbecc, type: 2}
      propertyPath: m_LocalRotation.y
      value: -0
      objectReference: {fileID: 0}
    - target: {fileID: 4560259501532038, guid: 5e12b82319636e5479de69cb20cdbecc, type: 2}
      propertyPath: m_LocalRotation.z
      value: -0
      objectReference: {fileID: 0}
    - target: {fileID: 4560259501532038, guid: 5e12b82319636e5479de69cb20cdbecc, type: 2}
      propertyPath: m_LocalRotation.w
      value: 1
      objectReference: {fileID: 0}
    - target: {fileID: 4560259501532038, guid: 5e12b82319636e5479de69cb20cdbecc, type: 2}
      propertyPath: m_RootOrder
      value: 20
      objectReference: {fileID: 0}
    - target: {fileID: 1637228929466756, guid: 5e12b82319636e5479de69cb20cdbecc, type: 2}
      propertyPath: m_TagString
      value: soundHit
      objectReference: {fileID: 0}
    m_RemovedComponents: []
  m_ParentPrefab: {fileID: 100100000, guid: 5e12b82319636e5479de69cb20cdbecc, type: 2}
  m_IsPrefabParent: 0
--- !u!1001 &183144063
Prefab:
  m_ObjectHideFlags: 0
  serializedVersion: 2
  m_Modification:
    m_TransformParent: {fileID: 0}
    m_Modifications:
    - target: {fileID: 4262643010540446, guid: 7cf4ee462f673eb40ad16a0e5d704f6e, type: 2}
      propertyPath: m_LocalPosition.x
      value: 0.0575501
      objectReference: {fileID: 0}
    - target: {fileID: 4262643010540446, guid: 7cf4ee462f673eb40ad16a0e5d704f6e, type: 2}
      propertyPath: m_LocalPosition.y
      value: 0
      objectReference: {fileID: 0}
    - target: {fileID: 4262643010540446, guid: 7cf4ee462f673eb40ad16a0e5d704f6e, type: 2}
      propertyPath: m_LocalPosition.z
      value: -0.02127986
      objectReference: {fileID: 0}
    - target: {fileID: 4262643010540446, guid: 7cf4ee462f673eb40ad16a0e5d704f6e, type: 2}
      propertyPath: m_LocalRotation.x
      value: 0
      objectReference: {fileID: 0}
    - target: {fileID: 4262643010540446, guid: 7cf4ee462f673eb40ad16a0e5d704f6e, type: 2}
      propertyPath: m_LocalRotation.y
      value: 1
      objectReference: {fileID: 0}
    - target: {fileID: 4262643010540446, guid: 7cf4ee462f673eb40ad16a0e5d704f6e, type: 2}
      propertyPath: m_LocalRotation.z
      value: 0
      objectReference: {fileID: 0}
    - target: {fileID: 4262643010540446, guid: 7cf4ee462f673eb40ad16a0e5d704f6e, type: 2}
      propertyPath: m_LocalRotation.w
      value: 0
      objectReference: {fileID: 0}
    - target: {fileID: 4262643010540446, guid: 7cf4ee462f673eb40ad16a0e5d704f6e, type: 2}
      propertyPath: m_RootOrder
      value: 12
      objectReference: {fileID: 0}
    - target: {fileID: 114901583242302474, guid: 7cf4ee462f673eb40ad16a0e5d704f6e,
        type: 2}
      propertyPath: gameManager
      value: 
      objectReference: {fileID: 1223094343}
    - target: {fileID: 114379290761503276, guid: 7cf4ee462f673eb40ad16a0e5d704f6e,
        type: 2}
      propertyPath: gameManager
      value: 
      objectReference: {fileID: 1223094343}
    - target: {fileID: 1106851262155708, guid: 7cf4ee462f673eb40ad16a0e5d704f6e, type: 2}
      propertyPath: m_TagString
      value: Untagged
      objectReference: {fileID: 0}
    m_RemovedComponents: []
  m_ParentPrefab: {fileID: 100100000, guid: 7cf4ee462f673eb40ad16a0e5d704f6e, type: 2}
  m_IsPrefabParent: 0
--- !u!1001 &208895242
Prefab:
  m_ObjectHideFlags: 0
  serializedVersion: 2
  m_Modification:
    m_TransformParent: {fileID: 0}
    m_Modifications:
    - target: {fileID: 4845617087341014, guid: 1d2e9e24f703fce40bee1540e5b256b1, type: 2}
      propertyPath: m_LocalPosition.x
      value: -0.014
      objectReference: {fileID: 0}
    - target: {fileID: 4845617087341014, guid: 1d2e9e24f703fce40bee1540e5b256b1, type: 2}
      propertyPath: m_LocalPosition.y
      value: 1.5727047
      objectReference: {fileID: 0}
    - target: {fileID: 4845617087341014, guid: 1d2e9e24f703fce40bee1540e5b256b1, type: 2}
      propertyPath: m_LocalPosition.z
      value: 4.1281
      objectReference: {fileID: 0}
    - target: {fileID: 4845617087341014, guid: 1d2e9e24f703fce40bee1540e5b256b1, type: 2}
      propertyPath: m_LocalRotation.x
      value: -0.48385647
      objectReference: {fileID: 0}
    - target: {fileID: 4845617087341014, guid: 1d2e9e24f703fce40bee1540e5b256b1, type: 2}
      propertyPath: m_LocalRotation.y
      value: -0.51798224
      objectReference: {fileID: 0}
    - target: {fileID: 4845617087341014, guid: 1d2e9e24f703fce40bee1540e5b256b1, type: 2}
      propertyPath: m_LocalRotation.z
      value: 0.5225327
      objectReference: {fileID: 0}
    - target: {fileID: 4845617087341014, guid: 1d2e9e24f703fce40bee1540e5b256b1, type: 2}
      propertyPath: m_LocalRotation.w
      value: 0.47385338
      objectReference: {fileID: 0}
    - target: {fileID: 4845617087341014, guid: 1d2e9e24f703fce40bee1540e5b256b1, type: 2}
      propertyPath: m_RootOrder
      value: 0
      objectReference: {fileID: 0}
    - target: {fileID: 1111984023523430, guid: 1d2e9e24f703fce40bee1540e5b256b1, type: 2}
      propertyPath: m_Name
      value: note (1)
      objectReference: {fileID: 0}
    - target: {fileID: 4845617087341014, guid: 1d2e9e24f703fce40bee1540e5b256b1, type: 2}
      propertyPath: m_LocalEulerAnglesHint.x
      value: 4.748
      objectReference: {fileID: 0}
    - target: {fileID: 4845617087341014, guid: 1d2e9e24f703fce40bee1540e5b256b1, type: 2}
      propertyPath: m_LocalEulerAnglesHint.y
      value: -90.27901
      objectReference: {fileID: 0}
    - target: {fileID: 4845617087341014, guid: 1d2e9e24f703fce40bee1540e5b256b1, type: 2}
      propertyPath: m_LocalEulerAnglesHint.z
      value: 90.823006
      objectReference: {fileID: 0}
    m_RemovedComponents: []
  m_ParentPrefab: {fileID: 100100000, guid: 1d2e9e24f703fce40bee1540e5b256b1, type: 2}
  m_IsPrefabParent: 0
--- !u!1001 &228428356
Prefab:
  m_ObjectHideFlags: 0
  serializedVersion: 2
  m_Modification:
    m_TransformParent: {fileID: 0}
    m_Modifications:
    - target: {fileID: 4226434537440560, guid: d304e35aecf51544a83269ce92fc759e, type: 2}
      propertyPath: m_LocalPosition.x
      value: 0
      objectReference: {fileID: 0}
    - target: {fileID: 4226434537440560, guid: d304e35aecf51544a83269ce92fc759e, type: 2}
      propertyPath: m_LocalPosition.y
      value: 0
      objectReference: {fileID: 0}
    - target: {fileID: 4226434537440560, guid: d304e35aecf51544a83269ce92fc759e, type: 2}
      propertyPath: m_LocalPosition.z
      value: 0
      objectReference: {fileID: 0}
    - target: {fileID: 4226434537440560, guid: d304e35aecf51544a83269ce92fc759e, type: 2}
      propertyPath: m_LocalRotation.x
      value: 0
      objectReference: {fileID: 0}
    - target: {fileID: 4226434537440560, guid: d304e35aecf51544a83269ce92fc759e, type: 2}
      propertyPath: m_LocalRotation.y
      value: 0
      objectReference: {fileID: 0}
    - target: {fileID: 4226434537440560, guid: d304e35aecf51544a83269ce92fc759e, type: 2}
      propertyPath: m_LocalRotation.z
      value: 0
      objectReference: {fileID: 0}
    - target: {fileID: 4226434537440560, guid: d304e35aecf51544a83269ce92fc759e, type: 2}
      propertyPath: m_LocalRotation.w
      value: 1
      objectReference: {fileID: 0}
    - target: {fileID: 4226434537440560, guid: d304e35aecf51544a83269ce92fc759e, type: 2}
      propertyPath: m_RootOrder
      value: 11
      objectReference: {fileID: 0}
    - target: {fileID: 1665431201165202, guid: d304e35aecf51544a83269ce92fc759e, type: 2}
      propertyPath: m_TagString
      value: Untagged
      objectReference: {fileID: 0}
    - target: {fileID: 1400979656463148, guid: d304e35aecf51544a83269ce92fc759e, type: 2}
      propertyPath: m_TagString
      value: Untagged
      objectReference: {fileID: 0}
    - target: {fileID: 1359734279531908, guid: d304e35aecf51544a83269ce92fc759e, type: 2}
      propertyPath: m_TagString
      value: soundHit
      objectReference: {fileID: 0}
    - target: {fileID: 1326420561151542, guid: d304e35aecf51544a83269ce92fc759e, type: 2}
      propertyPath: m_TagString
      value: Untagged
      objectReference: {fileID: 0}
    - target: {fileID: 1774627221478260, guid: d304e35aecf51544a83269ce92fc759e, type: 2}
      propertyPath: m_TagString
      value: Untagged
      objectReference: {fileID: 0}
    - target: {fileID: 1867169634264128, guid: d304e35aecf51544a83269ce92fc759e, type: 2}
      propertyPath: m_TagString
      value: Untagged
      objectReference: {fileID: 0}
    - target: {fileID: 1607113324033496, guid: d304e35aecf51544a83269ce92fc759e, type: 2}
      propertyPath: m_TagString
      value: Untagged
      objectReference: {fileID: 0}
    - target: {fileID: 1054471353842244, guid: d304e35aecf51544a83269ce92fc759e, type: 2}
      propertyPath: m_TagString
      value: Untagged
      objectReference: {fileID: 0}
    - target: {fileID: 1357848281209296, guid: d304e35aecf51544a83269ce92fc759e, type: 2}
      propertyPath: m_TagString
      value: Untagged
      objectReference: {fileID: 0}
    - target: {fileID: 1424583893894758, guid: d304e35aecf51544a83269ce92fc759e, type: 2}
      propertyPath: m_TagString
      value: Untagged
      objectReference: {fileID: 0}
    - target: {fileID: 1551777836299946, guid: d304e35aecf51544a83269ce92fc759e, type: 2}
      propertyPath: m_TagString
      value: Untagged
      objectReference: {fileID: 0}
    - target: {fileID: 1359194532442334, guid: d304e35aecf51544a83269ce92fc759e, type: 2}
      propertyPath: m_TagString
      value: Untagged
      objectReference: {fileID: 0}
    - target: {fileID: 1972689655441270, guid: d304e35aecf51544a83269ce92fc759e, type: 2}
      propertyPath: m_TagString
      value: Untagged
      objectReference: {fileID: 0}
    - target: {fileID: 1164275648018026, guid: d304e35aecf51544a83269ce92fc759e, type: 2}
      propertyPath: m_TagString
      value: Untagged
      objectReference: {fileID: 0}
    m_RemovedComponents: []
  m_ParentPrefab: {fileID: 100100000, guid: d304e35aecf51544a83269ce92fc759e, type: 2}
  m_IsPrefabParent: 0
--- !u!1001 &418673177
Prefab:
  m_ObjectHideFlags: 0
  serializedVersion: 2
  m_Modification:
    m_TransformParent: {fileID: 0}
    m_Modifications:
    - target: {fileID: 4706609689164022, guid: 1715c556d2b68084098e8a80187919c7, type: 2}
      propertyPath: m_LocalPosition.x
      value: 0
      objectReference: {fileID: 0}
    - target: {fileID: 4706609689164022, guid: 1715c556d2b68084098e8a80187919c7, type: 2}
      propertyPath: m_LocalPosition.y
      value: 0
      objectReference: {fileID: 0}
    - target: {fileID: 4706609689164022, guid: 1715c556d2b68084098e8a80187919c7, type: 2}
      propertyPath: m_LocalPosition.z
      value: 0
      objectReference: {fileID: 0}
    - target: {fileID: 4706609689164022, guid: 1715c556d2b68084098e8a80187919c7, type: 2}
      propertyPath: m_LocalRotation.x
      value: 0
      objectReference: {fileID: 0}
    - target: {fileID: 4706609689164022, guid: 1715c556d2b68084098e8a80187919c7, type: 2}
      propertyPath: m_LocalRotation.y
      value: -0
      objectReference: {fileID: 0}
    - target: {fileID: 4706609689164022, guid: 1715c556d2b68084098e8a80187919c7, type: 2}
      propertyPath: m_LocalRotation.z
      value: -0
      objectReference: {fileID: 0}
    - target: {fileID: 4706609689164022, guid: 1715c556d2b68084098e8a80187919c7, type: 2}
      propertyPath: m_LocalRotation.w
      value: 1
      objectReference: {fileID: 0}
    - target: {fileID: 4706609689164022, guid: 1715c556d2b68084098e8a80187919c7, type: 2}
      propertyPath: m_RootOrder
      value: 22
      objectReference: {fileID: 0}
    - target: {fileID: 1684001154716424, guid: 1715c556d2b68084098e8a80187919c7, type: 2}
      propertyPath: m_TagString
      value: soundHit
      objectReference: {fileID: 0}
    m_RemovedComponents: []
  m_ParentPrefab: {fileID: 100100000, guid: 1715c556d2b68084098e8a80187919c7, type: 2}
  m_IsPrefabParent: 0
--- !u!1001 &428114871
Prefab:
  m_ObjectHideFlags: 0
  serializedVersion: 2
  m_Modification:
    m_TransformParent: {fileID: 0}
    m_Modifications:
    - target: {fileID: 4410326452392880, guid: a9b0881291c247a43a7d26346c7b96cf, type: 2}
      propertyPath: m_LocalPosition.x
      value: -0.326
      objectReference: {fileID: 0}
    - target: {fileID: 4410326452392880, guid: a9b0881291c247a43a7d26346c7b96cf, type: 2}
      propertyPath: m_LocalPosition.y
      value: 1.401
      objectReference: {fileID: 0}
    - target: {fileID: 4410326452392880, guid: a9b0881291c247a43a7d26346c7b96cf, type: 2}
      propertyPath: m_LocalPosition.z
      value: 4.053
      objectReference: {fileID: 0}
    - target: {fileID: 4410326452392880, guid: a9b0881291c247a43a7d26346c7b96cf, type: 2}
      propertyPath: m_LocalRotation.x
      value: 0
      objectReference: {fileID: 0}
    - target: {fileID: 4410326452392880, guid: a9b0881291c247a43a7d26346c7b96cf, type: 2}
      propertyPath: m_LocalRotation.y
      value: -0
      objectReference: {fileID: 0}
    - target: {fileID: 4410326452392880, guid: a9b0881291c247a43a7d26346c7b96cf, type: 2}
      propertyPath: m_LocalRotation.z
      value: -0
      objectReference: {fileID: 0}
    - target: {fileID: 4410326452392880, guid: a9b0881291c247a43a7d26346c7b96cf, type: 2}
      propertyPath: m_LocalRotation.w
      value: 1
      objectReference: {fileID: 0}
    - target: {fileID: 4410326452392880, guid: a9b0881291c247a43a7d26346c7b96cf, type: 2}
      propertyPath: m_RootOrder
      value: 15
      objectReference: {fileID: 0}
    m_RemovedComponents: []
  m_ParentPrefab: {fileID: 100100000, guid: a9b0881291c247a43a7d26346c7b96cf, type: 2}
  m_IsPrefabParent: 0
--- !u!1001 &583543169
Prefab:
  m_ObjectHideFlags: 0
  serializedVersion: 2
  m_Modification:
    m_TransformParent: {fileID: 0}
    m_Modifications:
    - target: {fileID: 4811117403220058, guid: bf9382e516143bd48b022cc036afb430, type: 2}
      propertyPath: m_LocalPosition.x
      value: 0
      objectReference: {fileID: 0}
    - target: {fileID: 4811117403220058, guid: bf9382e516143bd48b022cc036afb430, type: 2}
      propertyPath: m_LocalPosition.y
      value: 1.088
      objectReference: {fileID: 0}
    - target: {fileID: 4811117403220058, guid: bf9382e516143bd48b022cc036afb430, type: 2}
      propertyPath: m_LocalPosition.z
      value: 3.96
      objectReference: {fileID: 0}
    - target: {fileID: 4811117403220058, guid: bf9382e516143bd48b022cc036afb430, type: 2}
      propertyPath: m_LocalRotation.x
      value: 0
      objectReference: {fileID: 0}
    - target: {fileID: 4811117403220058, guid: bf9382e516143bd48b022cc036afb430, type: 2}
      propertyPath: m_LocalRotation.y
      value: -0
      objectReference: {fileID: 0}
    - target: {fileID: 4811117403220058, guid: bf9382e516143bd48b022cc036afb430, type: 2}
      propertyPath: m_LocalRotation.z
      value: -0
      objectReference: {fileID: 0}
    - target: {fileID: 4811117403220058, guid: bf9382e516143bd48b022cc036afb430, type: 2}
      propertyPath: m_LocalRotation.w
      value: 1
      objectReference: {fileID: 0}
    - target: {fileID: 4811117403220058, guid: bf9382e516143bd48b022cc036afb430, type: 2}
      propertyPath: m_RootOrder
      value: 6
      objectReference: {fileID: 0}
    - target: {fileID: 114730054165837178, guid: bf9382e516143bd48b022cc036afb430,
        type: 2}
      propertyPath: Emitters.Array.data[0].Target
      value: 
      objectReference: {fileID: 1223094345}
    - target: {fileID: 1447844690099694, guid: bf9382e516143bd48b022cc036afb430, type: 2}
      propertyPath: m_TagString
      value: soundHit
      objectReference: {fileID: 0}
    m_RemovedComponents: []
  m_ParentPrefab: {fileID: 100100000, guid: bf9382e516143bd48b022cc036afb430, type: 2}
  m_IsPrefabParent: 0
--- !u!1 &585381591 stripped
GameObject:
  m_PrefabParentObject: {fileID: 1543728533020690, guid: 04a1ae9b207f78d4fa76e37c667e7b3b,
    type: 2}
  m_PrefabInternal: {fileID: 1545814512}
--- !u!114 &585381596
MonoBehaviour:
  m_ObjectHideFlags: 0
  m_PrefabParentObject: {fileID: 0}
  m_PrefabInternal: {fileID: 0}
  m_GameObject: {fileID: 585381591}
  m_Enabled: 1
  m_EditorHideFlags: 0
  m_Script: {fileID: 11500000, guid: 9a6610d2e704f1648819acc8d7460285, type: 3}
  m_Name: 
  m_EditorClassIdentifier: 
  Event: event:/Objects/metal_place
  PlayEvent: 3
  StopEvent: 0
  CollisionTag: soundHit
  AllowFadeout: 1
  TriggerOnce: 0
  Preload: 0
  Params: []
  OverrideAttenuation: 0
  OverrideMinDistance: 1
  OverrideMaxDistance: 20
--- !u!65 &585381597
BoxCollider:
  m_ObjectHideFlags: 0
  m_PrefabParentObject: {fileID: 0}
  m_PrefabInternal: {fileID: 0}
  m_GameObject: {fileID: 585381591}
  m_Material: {fileID: 0}
  m_IsTrigger: 1
  m_Enabled: 1
  serializedVersion: 2
  m_Size: {x: 0.02, y: 0.36, z: 0.08}
  m_Center: {x: 0, y: 0, z: 0.01}
--- !u!1001 &652590346
Prefab:
  m_ObjectHideFlags: 0
  serializedVersion: 2
  m_Modification:
    m_TransformParent: {fileID: 0}
    m_Modifications:
    - target: {fileID: 4740882263584696, guid: 66dd120ec9d021b47b785a492fc89cff, type: 2}
      propertyPath: m_LocalPosition.x
      value: 0
      objectReference: {fileID: 0}
    - target: {fileID: 4740882263584696, guid: 66dd120ec9d021b47b785a492fc89cff, type: 2}
      propertyPath: m_LocalPosition.y
      value: 0
      objectReference: {fileID: 0}
    - target: {fileID: 4740882263584696, guid: 66dd120ec9d021b47b785a492fc89cff, type: 2}
      propertyPath: m_LocalPosition.z
      value: 0
      objectReference: {fileID: 0}
    - target: {fileID: 4740882263584696, guid: 66dd120ec9d021b47b785a492fc89cff, type: 2}
      propertyPath: m_LocalRotation.x
      value: 0
      objectReference: {fileID: 0}
    - target: {fileID: 4740882263584696, guid: 66dd120ec9d021b47b785a492fc89cff, type: 2}
      propertyPath: m_LocalRotation.y
      value: 0
      objectReference: {fileID: 0}
    - target: {fileID: 4740882263584696, guid: 66dd120ec9d021b47b785a492fc89cff, type: 2}
      propertyPath: m_LocalRotation.z
      value: 0
      objectReference: {fileID: 0}
    - target: {fileID: 4740882263584696, guid: 66dd120ec9d021b47b785a492fc89cff, type: 2}
      propertyPath: m_LocalRotation.w
      value: 1
      objectReference: {fileID: 0}
    - target: {fileID: 4740882263584696, guid: 66dd120ec9d021b47b785a492fc89cff, type: 2}
      propertyPath: m_RootOrder
      value: 13
      objectReference: {fileID: 0}
    - target: {fileID: 114851232139311714, guid: 66dd120ec9d021b47b785a492fc89cff,
        type: 2}
      propertyPath: outerRoomAnimator
      value: 
      objectReference: {fileID: 1412386957}
    - target: {fileID: 1239411339522744, guid: 66dd120ec9d021b47b785a492fc89cff, type: 2}
      propertyPath: m_TagString
      value: soundHit
      objectReference: {fileID: 0}
    - target: {fileID: 1478202172714802, guid: 66dd120ec9d021b47b785a492fc89cff, type: 2}
      propertyPath: m_TagString
      value: soundHit
      objectReference: {fileID: 0}
    m_RemovedComponents: []
  m_ParentPrefab: {fileID: 100100000, guid: 66dd120ec9d021b47b785a492fc89cff, type: 2}
  m_IsPrefabParent: 0
--- !u!1001 &678592905
Prefab:
  m_ObjectHideFlags: 0
  serializedVersion: 2
  m_Modification:
    m_TransformParent: {fileID: 0}
    m_Modifications:
    - target: {fileID: 4845617087341014, guid: 1d2e9e24f703fce40bee1540e5b256b1, type: 2}
      propertyPath: m_LocalPosition.x
      value: -0.0112
      objectReference: {fileID: 0}
    - target: {fileID: 4845617087341014, guid: 1d2e9e24f703fce40bee1540e5b256b1, type: 2}
      propertyPath: m_LocalPosition.y
      value: 0.8248001
      objectReference: {fileID: 0}
    - target: {fileID: 4845617087341014, guid: 1d2e9e24f703fce40bee1540e5b256b1, type: 2}
      propertyPath: m_LocalPosition.z
      value: -4.0669937
      objectReference: {fileID: 0}
    - target: {fileID: 4845617087341014, guid: 1d2e9e24f703fce40bee1540e5b256b1, type: 2}
      propertyPath: m_LocalRotation.x
      value: -0.01426922
      objectReference: {fileID: 0}
    - target: {fileID: 4845617087341014, guid: 1d2e9e24f703fce40bee1540e5b256b1, type: 2}
      propertyPath: m_LocalRotation.y
      value: 0.5764681
      objectReference: {fileID: 0}
    - target: {fileID: 4845617087341014, guid: 1d2e9e24f703fce40bee1540e5b256b1, type: 2}
      propertyPath: m_LocalRotation.z
      value: -0.010069064
      objectReference: {fileID: 0}
    - target: {fileID: 4845617087341014, guid: 1d2e9e24f703fce40bee1540e5b256b1, type: 2}
      propertyPath: m_LocalRotation.w
      value: 0.816933
      objectReference: {fileID: 0}
    - target: {fileID: 4845617087341014, guid: 1d2e9e24f703fce40bee1540e5b256b1, type: 2}
      propertyPath: m_RootOrder
      value: 5
      objectReference: {fileID: 0}
    m_RemovedComponents: []
  m_ParentPrefab: {fileID: 100100000, guid: 1d2e9e24f703fce40bee1540e5b256b1, type: 2}
  m_IsPrefabParent: 0
--- !u!1001 &710810342
Prefab:
  m_ObjectHideFlags: 0
  serializedVersion: 2
  m_Modification:
    m_TransformParent: {fileID: 0}
    m_Modifications:
    - target: {fileID: 4410326452392880, guid: a9b0881291c247a43a7d26346c7b96cf, type: 2}
      propertyPath: m_LocalPosition.x
      value: -0.186
      objectReference: {fileID: 0}
    - target: {fileID: 4410326452392880, guid: a9b0881291c247a43a7d26346c7b96cf, type: 2}
      propertyPath: m_LocalPosition.y
      value: 1.401
      objectReference: {fileID: 0}
    - target: {fileID: 4410326452392880, guid: a9b0881291c247a43a7d26346c7b96cf, type: 2}
      propertyPath: m_LocalPosition.z
      value: 4.053
      objectReference: {fileID: 0}
    - target: {fileID: 4410326452392880, guid: a9b0881291c247a43a7d26346c7b96cf, type: 2}
      propertyPath: m_LocalRotation.x
      value: 0
      objectReference: {fileID: 0}
    - target: {fileID: 4410326452392880, guid: a9b0881291c247a43a7d26346c7b96cf, type: 2}
      propertyPath: m_LocalRotation.y
      value: -0
      objectReference: {fileID: 0}
    - target: {fileID: 4410326452392880, guid: a9b0881291c247a43a7d26346c7b96cf, type: 2}
      propertyPath: m_LocalRotation.z
      value: -0
      objectReference: {fileID: 0}
    - target: {fileID: 4410326452392880, guid: a9b0881291c247a43a7d26346c7b96cf, type: 2}
      propertyPath: m_LocalRotation.w
      value: 1
      objectReference: {fileID: 0}
    - target: {fileID: 4410326452392880, guid: a9b0881291c247a43a7d26346c7b96cf, type: 2}
      propertyPath: m_RootOrder
      value: 16
      objectReference: {fileID: 0}
    - target: {fileID: 1112208225019436, guid: a9b0881291c247a43a7d26346c7b96cf, type: 2}
      propertyPath: m_Name
      value: Candle (1)
      objectReference: {fileID: 0}
    m_RemovedComponents: []
  m_ParentPrefab: {fileID: 100100000, guid: a9b0881291c247a43a7d26346c7b96cf, type: 2}
  m_IsPrefabParent: 0
--- !u!1001 &724041835
Prefab:
  m_ObjectHideFlags: 0
  serializedVersion: 2
  m_Modification:
    m_TransformParent: {fileID: 0}
    m_Modifications:
    - target: {fileID: 4655052071814320, guid: 80aa800c9e444417281cba29df220294, type: 2}
      propertyPath: m_LocalPosition.x
      value: 0
      objectReference: {fileID: 0}
    - target: {fileID: 4655052071814320, guid: 80aa800c9e444417281cba29df220294, type: 2}
      propertyPath: m_LocalPosition.y
      value: 0
      objectReference: {fileID: 0}
    - target: {fileID: 4655052071814320, guid: 80aa800c9e444417281cba29df220294, type: 2}
      propertyPath: m_LocalPosition.z
      value: 0
      objectReference: {fileID: 0}
    - target: {fileID: 4655052071814320, guid: 80aa800c9e444417281cba29df220294, type: 2}
      propertyPath: m_LocalRotation.x
      value: 0
      objectReference: {fileID: 0}
    - target: {fileID: 4655052071814320, guid: 80aa800c9e444417281cba29df220294, type: 2}
      propertyPath: m_LocalRotation.y
      value: -0
      objectReference: {fileID: 0}
    - target: {fileID: 4655052071814320, guid: 80aa800c9e444417281cba29df220294, type: 2}
      propertyPath: m_LocalRotation.z
      value: 0
      objectReference: {fileID: 0}
    - target: {fileID: 4655052071814320, guid: 80aa800c9e444417281cba29df220294, type: 2}
      propertyPath: m_LocalRotation.w
      value: 1
      objectReference: {fileID: 0}
    - target: {fileID: 4655052071814320, guid: 80aa800c9e444417281cba29df220294, type: 2}
      propertyPath: m_RootOrder
      value: 2
      objectReference: {fileID: 0}
    m_RemovedComponents: []
  m_ParentPrefab: {fileID: 100100000, guid: 80aa800c9e444417281cba29df220294, type: 2}
  m_IsPrefabParent: 0
--- !u!1001 &1023709461
Prefab:
  m_ObjectHideFlags: 0
  serializedVersion: 2
  m_Modification:
    m_TransformParent: {fileID: 0}
    m_Modifications:
    - target: {fileID: 4809491087185484, guid: 95d448da474d79946b9d1b7d017c1466, type: 2}
      propertyPath: m_LocalPosition.x
      value: 0
      objectReference: {fileID: 0}
    - target: {fileID: 4809491087185484, guid: 95d448da474d79946b9d1b7d017c1466, type: 2}
      propertyPath: m_LocalPosition.y
      value: 0.524
      objectReference: {fileID: 0}
    - target: {fileID: 4809491087185484, guid: 95d448da474d79946b9d1b7d017c1466, type: 2}
      propertyPath: m_LocalPosition.z
      value: -4.263
      objectReference: {fileID: 0}
    - target: {fileID: 4809491087185484, guid: 95d448da474d79946b9d1b7d017c1466, type: 2}
      propertyPath: m_LocalRotation.x
      value: 0
      objectReference: {fileID: 0}
    - target: {fileID: 4809491087185484, guid: 95d448da474d79946b9d1b7d017c1466, type: 2}
      propertyPath: m_LocalRotation.y
      value: -0
      objectReference: {fileID: 0}
    - target: {fileID: 4809491087185484, guid: 95d448da474d79946b9d1b7d017c1466, type: 2}
      propertyPath: m_LocalRotation.z
      value: -0
      objectReference: {fileID: 0}
    - target: {fileID: 4809491087185484, guid: 95d448da474d79946b9d1b7d017c1466, type: 2}
      propertyPath: m_LocalRotation.w
      value: 1
      objectReference: {fileID: 0}
    - target: {fileID: 4809491087185484, guid: 95d448da474d79946b9d1b7d017c1466, type: 2}
      propertyPath: m_RootOrder
      value: 3
      objectReference: {fileID: 0}
    - target: {fileID: 1342487459226654, guid: 95d448da474d79946b9d1b7d017c1466, type: 2}
      propertyPath: m_TagString
      value: soundHit
      objectReference: {fileID: 0}
    m_RemovedComponents: []
  m_ParentPrefab: {fileID: 100100000, guid: 95d448da474d79946b9d1b7d017c1466, type: 2}
  m_IsPrefabParent: 0
--- !u!1001 &1099268803
Prefab:
  m_ObjectHideFlags: 0
  serializedVersion: 2
  m_Modification:
    m_TransformParent: {fileID: 0}
    m_Modifications:
    - target: {fileID: 4009977004096664, guid: e81daf4fae73f6f44a84c9a57b84e025, type: 2}
      propertyPath: m_LocalPosition.x
      value: -3.174
      objectReference: {fileID: 0}
    - target: {fileID: 4009977004096664, guid: e81daf4fae73f6f44a84c9a57b84e025, type: 2}
      propertyPath: m_LocalPosition.y
      value: 0.773
      objectReference: {fileID: 0}
    - target: {fileID: 4009977004096664, guid: e81daf4fae73f6f44a84c9a57b84e025, type: 2}
      propertyPath: m_LocalPosition.z
      value: 0.095
      objectReference: {fileID: 0}
    - target: {fileID: 4009977004096664, guid: e81daf4fae73f6f44a84c9a57b84e025, type: 2}
      propertyPath: m_LocalRotation.x
      value: 0.4343652
      objectReference: {fileID: 0}
    - target: {fileID: 4009977004096664, guid: e81daf4fae73f6f44a84c9a57b84e025, type: 2}
      propertyPath: m_LocalRotation.y
      value: 0.4343652
      objectReference: {fileID: 0}
    - target: {fileID: 4009977004096664, guid: e81daf4fae73f6f44a84c9a57b84e025, type: 2}
      propertyPath: m_LocalRotation.z
      value: 0.55796677
      objectReference: {fileID: 0}
    - target: {fileID: 4009977004096664, guid: e81daf4fae73f6f44a84c9a57b84e025, type: 2}
      propertyPath: m_LocalRotation.w
      value: 0.55796677
      objectReference: {fileID: 0}
    - target: {fileID: 4009977004096664, guid: e81daf4fae73f6f44a84c9a57b84e025, type: 2}
      propertyPath: m_RootOrder
      value: 8
      objectReference: {fileID: 0}
    m_RemovedComponents: []
  m_ParentPrefab: {fileID: 100100000, guid: e81daf4fae73f6f44a84c9a57b84e025, type: 2}
  m_IsPrefabParent: 0
--- !u!1001 &1104340459
Prefab:
  m_ObjectHideFlags: 0
  serializedVersion: 2
  m_Modification:
    m_TransformParent: {fileID: 0}
    m_Modifications:
    - target: {fileID: 4082337705834516, guid: 6cc9fa5b39fa5b849a3fb122262121c4, type: 2}
      propertyPath: m_LocalPosition.x
      value: -0.482
      objectReference: {fileID: 0}
    - target: {fileID: 4082337705834516, guid: 6cc9fa5b39fa5b849a3fb122262121c4, type: 2}
      propertyPath: m_LocalPosition.y
      value: 0.847
      objectReference: {fileID: 0}
    - target: {fileID: 4082337705834516, guid: 6cc9fa5b39fa5b849a3fb122262121c4, type: 2}
      propertyPath: m_LocalPosition.z
      value: -4.38
      objectReference: {fileID: 0}
    - target: {fileID: 4082337705834516, guid: 6cc9fa5b39fa5b849a3fb122262121c4, type: 2}
      propertyPath: m_LocalRotation.x
      value: 0
      objectReference: {fileID: 0}
    - target: {fileID: 4082337705834516, guid: 6cc9fa5b39fa5b849a3fb122262121c4, type: 2}
      propertyPath: m_LocalRotation.y
      value: 0
      objectReference: {fileID: 0}
    - target: {fileID: 4082337705834516, guid: 6cc9fa5b39fa5b849a3fb122262121c4, type: 2}
      propertyPath: m_LocalRotation.z
      value: 0.7071068
      objectReference: {fileID: 0}
    - target: {fileID: 4082337705834516, guid: 6cc9fa5b39fa5b849a3fb122262121c4, type: 2}
      propertyPath: m_LocalRotation.w
      value: 0.7071068
      objectReference: {fileID: 0}
    - target: {fileID: 4082337705834516, guid: 6cc9fa5b39fa5b849a3fb122262121c4, type: 2}
      propertyPath: m_RootOrder
      value: 9
      objectReference: {fileID: 0}
    m_RemovedComponents: []
  m_ParentPrefab: {fileID: 100100000, guid: 6cc9fa5b39fa5b849a3fb122262121c4, type: 2}
  m_IsPrefabParent: 0
--- !u!1001 &1105438596
Prefab:
  m_ObjectHideFlags: 0
  serializedVersion: 2
  m_Modification:
    m_TransformParent: {fileID: 0}
    m_Modifications:
    - target: {fileID: 4361784306713548, guid: b1c5896a350cc4c559985a04c1b67550, type: 2}
      propertyPath: m_LocalPosition.x
      value: 0.1045
      objectReference: {fileID: 0}
    - target: {fileID: 4361784306713548, guid: b1c5896a350cc4c559985a04c1b67550, type: 2}
      propertyPath: m_LocalPosition.y
      value: 0.8368
      objectReference: {fileID: 0}
    - target: {fileID: 4361784306713548, guid: b1c5896a350cc4c559985a04c1b67550, type: 2}
      propertyPath: m_LocalPosition.z
      value: -4.1219
      objectReference: {fileID: 0}
    - target: {fileID: 4361784306713548, guid: b1c5896a350cc4c559985a04c1b67550, type: 2}
      propertyPath: m_LocalRotation.x
      value: -0
      objectReference: {fileID: 0}
    - target: {fileID: 4361784306713548, guid: b1c5896a350cc4c559985a04c1b67550, type: 2}
      propertyPath: m_LocalRotation.y
      value: 0.2550781
      objectReference: {fileID: 0}
    - target: {fileID: 4361784306713548, guid: b1c5896a350cc4c559985a04c1b67550, type: 2}
      propertyPath: m_LocalRotation.z
      value: -0
      objectReference: {fileID: 0}
    - target: {fileID: 4361784306713548, guid: b1c5896a350cc4c559985a04c1b67550, type: 2}
      propertyPath: m_LocalRotation.w
      value: 0.96692044
      objectReference: {fileID: 0}
    - target: {fileID: 4361784306713548, guid: b1c5896a350cc4c559985a04c1b67550, type: 2}
      propertyPath: m_RootOrder
      value: 4
      objectReference: {fileID: 0}
    - target: {fileID: 1459541573598196, guid: b1c5896a350cc4c559985a04c1b67550, type: 2}
      propertyPath: m_Name
      value: book_Ovid
      objectReference: {fileID: 0}
    m_RemovedComponents: []
  m_ParentPrefab: {fileID: 100100000, guid: b1c5896a350cc4c559985a04c1b67550, type: 2}
  m_IsPrefabParent: 0
--- !u!114 &1223094343 stripped
MonoBehaviour:
  m_PrefabParentObject: {fileID: 114973696618550786, guid: 80aa800c9e444417281cba29df220294,
    type: 2}
  m_PrefabInternal: {fileID: 724041835}
  m_Script: {fileID: 11500000, guid: d457a6238a25b49238da1ca8be042b6b, type: 3}
--- !u!114 &1223094345 stripped
MonoBehaviour:
  m_PrefabParentObject: {fileID: 114100241870066070, guid: 80aa800c9e444417281cba29df220294,
    type: 2}
  m_PrefabInternal: {fileID: 724041835}
  m_Script: {fileID: 11500000, guid: 9a6610d2e704f1648819acc8d7460285, type: 3}
--- !u!95 &1412386957 stripped
Animator:
  m_PrefabParentObject: {fileID: 95265990173479220, guid: 7cf4ee462f673eb40ad16a0e5d704f6e,
    type: 2}
  m_PrefabInternal: {fileID: 183144063}
--- !u!1001 &1540696975
Prefab:
  m_ObjectHideFlags: 0
  serializedVersion: 2
  m_Modification:
    m_TransformParent: {fileID: 0}
    m_Modifications:
    - target: {fileID: 4160905170057686, guid: fbd799e72f575d24fb275bcc931ff36d, type: 2}
      propertyPath: m_LocalPosition.x
      value: 8.678
      objectReference: {fileID: 0}
    - target: {fileID: 4160905170057686, guid: fbd799e72f575d24fb275bcc931ff36d, type: 2}
      propertyPath: m_LocalPosition.y
      value: 2.41
      objectReference: {fileID: 0}
    - target: {fileID: 4160905170057686, guid: fbd799e72f575d24fb275bcc931ff36d, type: 2}
      propertyPath: m_LocalPosition.z
      value: 0
      objectReference: {fileID: 0}
    - target: {fileID: 4160905170057686, guid: fbd799e72f575d24fb275bcc931ff36d, type: 2}
      propertyPath: m_LocalRotation.x
      value: 0
      objectReference: {fileID: 0}
    - target: {fileID: 4160905170057686, guid: fbd799e72f575d24fb275bcc931ff36d, type: 2}
      propertyPath: m_LocalRotation.y
      value: -0
      objectReference: {fileID: 0}
    - target: {fileID: 4160905170057686, guid: fbd799e72f575d24fb275bcc931ff36d, type: 2}
      propertyPath: m_LocalRotation.z
      value: -0
      objectReference: {fileID: 0}
    - target: {fileID: 4160905170057686, guid: fbd799e72f575d24fb275bcc931ff36d, type: 2}
      propertyPath: m_LocalRotation.w
      value: 1
      objectReference: {fileID: 0}
    - target: {fileID: 4160905170057686, guid: fbd799e72f575d24fb275bcc931ff36d, type: 2}
      propertyPath: m_RootOrder
      value: 21
      objectReference: {fileID: 0}
    - target: {fileID: 1686644736743930, guid: fbd799e72f575d24fb275bcc931ff36d, type: 2}
      propertyPath: m_TagString
      value: soundHit
      objectReference: {fileID: 0}
    m_RemovedComponents: []
  m_ParentPrefab: {fileID: 100100000, guid: fbd799e72f575d24fb275bcc931ff36d, type: 2}
  m_IsPrefabParent: 0
--- !u!1001 &1543012474
Prefab:
  m_ObjectHideFlags: 0
  serializedVersion: 2
  m_Modification:
    m_TransformParent: {fileID: 0}
    m_Modifications:
    - target: {fileID: 4066926757052434, guid: d05832482fa1eea41a3dfcdebfa4cbdd, type: 2}
      propertyPath: m_LocalPosition.x
      value: -3.194
      objectReference: {fileID: 0}
    - target: {fileID: 4066926757052434, guid: d05832482fa1eea41a3dfcdebfa4cbdd, type: 2}
      propertyPath: m_LocalPosition.y
      value: 1.06
      objectReference: {fileID: 0}
    - target: {fileID: 4066926757052434, guid: d05832482fa1eea41a3dfcdebfa4cbdd, type: 2}
      propertyPath: m_LocalPosition.z
      value: 2.213
      objectReference: {fileID: 0}
    - target: {fileID: 4066926757052434, guid: d05832482fa1eea41a3dfcdebfa4cbdd, type: 2}
      propertyPath: m_LocalRotation.x
      value: -0
      objectReference: {fileID: 0}
    - target: {fileID: 4066926757052434, guid: d05832482fa1eea41a3dfcdebfa4cbdd, type: 2}
      propertyPath: m_LocalRotation.y
      value: -0.9361733
      objectReference: {fileID: 0}
    - target: {fileID: 4066926757052434, guid: d05832482fa1eea41a3dfcdebfa4cbdd, type: 2}
      propertyPath: m_LocalRotation.z
      value: -0
      objectReference: {fileID: 0}
    - target: {fileID: 4066926757052434, guid: d05832482fa1eea41a3dfcdebfa4cbdd, type: 2}
      propertyPath: m_LocalRotation.w
      value: 0.3515388
      objectReference: {fileID: 0}
    - target: {fileID: 4066926757052434, guid: d05832482fa1eea41a3dfcdebfa4cbdd, type: 2}
      propertyPath: m_RootOrder
      value: 10
      objectReference: {fileID: 0}
    m_RemovedComponents: []
  m_ParentPrefab: {fileID: 100100000, guid: d05832482fa1eea41a3dfcdebfa4cbdd, type: 2}
  m_IsPrefabParent: 0
--- !u!1001 &1545814512
Prefab:
  m_ObjectHideFlags: 0
  serializedVersion: 2
  m_Modification:
    m_TransformParent: {fileID: 0}
    m_Modifications:
    - target: {fileID: 4266541474021190, guid: 04a1ae9b207f78d4fa76e37c667e7b3b, type: 2}
      propertyPath: m_LocalPosition.x
      value: 0.365
      objectReference: {fileID: 0}
    - target: {fileID: 4266541474021190, guid: 04a1ae9b207f78d4fa76e37c667e7b3b, type: 2}
      propertyPath: m_LocalPosition.y
      value: 0.426
      objectReference: {fileID: 0}
    - target: {fileID: 4266541474021190, guid: 04a1ae9b207f78d4fa76e37c667e7b3b, type: 2}
      propertyPath: m_LocalPosition.z
      value: 4.299
      objectReference: {fileID: 0}
    - target: {fileID: 4266541474021190, guid: 04a1ae9b207f78d4fa76e37c667e7b3b, type: 2}
      propertyPath: m_LocalRotation.x
      value: 0.5511141
      objectReference: {fileID: 0}
    - target: {fileID: 4266541474021190, guid: 04a1ae9b207f78d4fa76e37c667e7b3b, type: 2}
      propertyPath: m_LocalRotation.y
      value: -0.5511141
      objectReference: {fileID: 0}
    - target: {fileID: 4266541474021190, guid: 04a1ae9b207f78d4fa76e37c667e7b3b, type: 2}
      propertyPath: m_LocalRotation.z
      value: -0.44302747
      objectReference: {fileID: 0}
    - target: {fileID: 4266541474021190, guid: 04a1ae9b207f78d4fa76e37c667e7b3b, type: 2}
      propertyPath: m_LocalRotation.w
      value: 0.44302747
      objectReference: {fileID: 0}
    - target: {fileID: 4266541474021190, guid: 04a1ae9b207f78d4fa76e37c667e7b3b, type: 2}
      propertyPath: m_RootOrder
      value: 7
      objectReference: {fileID: 0}
    - target: {fileID: 4266541474021190, guid: 04a1ae9b207f78d4fa76e37c667e7b3b, type: 2}
      propertyPath: m_LocalEulerAnglesHint.y
      value: -102.41
      objectReference: {fileID: 0}
    - target: {fileID: 4266541474021190, guid: 04a1ae9b207f78d4fa76e37c667e7b3b, type: 2}
      propertyPath: m_LocalEulerAnglesHint.z
      value: -90.00001
      objectReference: {fileID: 0}
    m_RemovedComponents: []
  m_ParentPrefab: {fileID: 100100000, guid: 04a1ae9b207f78d4fa76e37c667e7b3b, type: 2}
  m_IsPrefabParent: 0
--- !u!1001 &1760299674
Prefab:
  m_ObjectHideFlags: 0
  serializedVersion: 2
  m_Modification:
    m_TransformParent: {fileID: 0}
    m_Modifications:
    - target: {fileID: 4410326452392880, guid: a9b0881291c247a43a7d26346c7b96cf, type: 2}
      propertyPath: m_LocalPosition.x
      value: 0.294
      objectReference: {fileID: 0}
    - target: {fileID: 4410326452392880, guid: a9b0881291c247a43a7d26346c7b96cf, type: 2}
      propertyPath: m_LocalPosition.y
      value: 1.401
      objectReference: {fileID: 0}
    - target: {fileID: 4410326452392880, guid: a9b0881291c247a43a7d26346c7b96cf, type: 2}
      propertyPath: m_LocalPosition.z
      value: 4.053
      objectReference: {fileID: 0}
    - target: {fileID: 4410326452392880, guid: a9b0881291c247a43a7d26346c7b96cf, type: 2}
      propertyPath: m_LocalRotation.x
      value: 0
      objectReference: {fileID: 0}
    - target: {fileID: 4410326452392880, guid: a9b0881291c247a43a7d26346c7b96cf, type: 2}
      propertyPath: m_LocalRotation.y
      value: -0
      objectReference: {fileID: 0}
    - target: {fileID: 4410326452392880, guid: a9b0881291c247a43a7d26346c7b96cf, type: 2}
      propertyPath: m_LocalRotation.z
      value: -0
      objectReference: {fileID: 0}
    - target: {fileID: 4410326452392880, guid: a9b0881291c247a43a7d26346c7b96cf, type: 2}
      propertyPath: m_LocalRotation.w
      value: 1
      objectReference: {fileID: 0}
    - target: {fileID: 4410326452392880, guid: a9b0881291c247a43a7d26346c7b96cf, type: 2}
      propertyPath: m_RootOrder
      value: 18
      objectReference: {fileID: 0}
    - target: {fileID: 1112208225019436, guid: a9b0881291c247a43a7d26346c7b96cf, type: 2}
      propertyPath: m_Name
      value: Candle (3)
      objectReference: {fileID: 0}
    m_RemovedComponents: []
  m_ParentPrefab: {fileID: 100100000, guid: a9b0881291c247a43a7d26346c7b96cf, type: 2}
  m_IsPrefabParent: 0
--- !u!1001 &1803805245
Prefab:
  m_ObjectHideFlags: 0
  serializedVersion: 2
  m_Modification:
    m_TransformParent: {fileID: 0}
    m_Modifications:
    - target: {fileID: 4845617087341014, guid: 1d2e9e24f703fce40bee1540e5b256b1, type: 2}
      propertyPath: m_LocalPosition.x
      value: -4.3966
      objectReference: {fileID: 0}
    - target: {fileID: 4845617087341014, guid: 1d2e9e24f703fce40bee1540e5b256b1, type: 2}
      propertyPath: m_LocalPosition.y
      value: 0.87
      objectReference: {fileID: 0}
    - target: {fileID: 4845617087341014, guid: 1d2e9e24f703fce40bee1540e5b256b1, type: 2}
      propertyPath: m_LocalPosition.z
      value: 0.73946595
      objectReference: {fileID: 0}
    - target: {fileID: 4845617087341014, guid: 1d2e9e24f703fce40bee1540e5b256b1, type: 2}
      propertyPath: m_LocalRotation.x
      value: 0.16439502
      objectReference: {fileID: 0}
    - target: {fileID: 4845617087341014, guid: 1d2e9e24f703fce40bee1540e5b256b1, type: 2}
      propertyPath: m_LocalRotation.y
      value: 0.83842266
      objectReference: {fileID: 0}
    - target: {fileID: 4845617087341014, guid: 1d2e9e24f703fce40bee1540e5b256b1, type: 2}
      propertyPath: m_LocalRotation.z
      value: 0.07697215
      objectReference: {fileID: 0}
    - target: {fileID: 4845617087341014, guid: 1d2e9e24f703fce40bee1540e5b256b1, type: 2}
      propertyPath: m_LocalRotation.w
      value: 0.5139038
      objectReference: {fileID: 0}
    - target: {fileID: 4845617087341014, guid: 1d2e9e24f703fce40bee1540e5b256b1, type: 2}
      propertyPath: m_RootOrder
      value: 1
      objectReference: {fileID: 0}
    - target: {fileID: 1111984023523430, guid: 1d2e9e24f703fce40bee1540e5b256b1, type: 2}
      propertyPath: m_Name
      value: note (2)
      objectReference: {fileID: 0}
    - target: {fileID: 4845617087341014, guid: 1d2e9e24f703fce40bee1540e5b256b1, type: 2}
      propertyPath: m_LocalEulerAnglesHint.y
      value: 117.408005
      objectReference: {fileID: 0}
    - target: {fileID: 4845617087341014, guid: 1d2e9e24f703fce40bee1540e5b256b1, type: 2}
      propertyPath: m_LocalEulerAnglesHint.x
      value: 2.286
      objectReference: {fileID: 0}
    - target: {fileID: 4845617087341014, guid: 1d2e9e24f703fce40bee1540e5b256b1, type: 2}
      propertyPath: m_LocalEulerAnglesHint.z
      value: 20.797
      objectReference: {fileID: 0}
    m_RemovedComponents: []
  m_ParentPrefab: {fileID: 100100000, guid: 1d2e9e24f703fce40bee1540e5b256b1, type: 2}
  m_IsPrefabParent: 0
--- !u!1001 &1820626919
Prefab:
  m_ObjectHideFlags: 0
  serializedVersion: 2
  m_Modification:
    m_TransformParent: {fileID: 0}
    m_Modifications:
    - target: {fileID: 4410326452392880, guid: a9b0881291c247a43a7d26346c7b96cf, type: 2}
      propertyPath: m_LocalPosition.x
      value: 0.165
      objectReference: {fileID: 0}
    - target: {fileID: 4410326452392880, guid: a9b0881291c247a43a7d26346c7b96cf, type: 2}
      propertyPath: m_LocalPosition.y
      value: 1.401
      objectReference: {fileID: 0}
    - target: {fileID: 4410326452392880, guid: a9b0881291c247a43a7d26346c7b96cf, type: 2}
      propertyPath: m_LocalPosition.z
      value: 4.053
      objectReference: {fileID: 0}
    - target: {fileID: 4410326452392880, guid: a9b0881291c247a43a7d26346c7b96cf, type: 2}
      propertyPath: m_LocalRotation.x
      value: 0
      objectReference: {fileID: 0}
    - target: {fileID: 4410326452392880, guid: a9b0881291c247a43a7d26346c7b96cf, type: 2}
      propertyPath: m_LocalRotation.y
      value: -0
      objectReference: {fileID: 0}
    - target: {fileID: 4410326452392880, guid: a9b0881291c247a43a7d26346c7b96cf, type: 2}
      propertyPath: m_LocalRotation.z
      value: -0
      objectReference: {fileID: 0}
    - target: {fileID: 4410326452392880, guid: a9b0881291c247a43a7d26346c7b96cf, type: 2}
      propertyPath: m_LocalRotation.w
      value: 1
      objectReference: {fileID: 0}
    - target: {fileID: 4410326452392880, guid: a9b0881291c247a43a7d26346c7b96cf, type: 2}
      propertyPath: m_RootOrder
      value: 17
      objectReference: {fileID: 0}
    - target: {fileID: 1112208225019436, guid: a9b0881291c247a43a7d26346c7b96cf, type: 2}
      propertyPath: m_Name
      value: Candle (2)
      objectReference: {fileID: 0}
    m_RemovedComponents: []
  m_ParentPrefab: {fileID: 100100000, guid: a9b0881291c247a43a7d26346c7b96cf, type: 2}
  m_IsPrefabParent: 0
--- !u!1001 &1933426979
Prefab:
  m_ObjectHideFlags: 0
  serializedVersion: 2
  m_Modification:
    m_TransformParent: {fileID: 0}
    m_Modifications:
    - target: {fileID: 4417219795530868, guid: 3e546a3dd90dc430abc0445b7f31ce55, type: 2}
      propertyPath: m_LocalPosition.x
      value: -54
      objectReference: {fileID: 0}
    - target: {fileID: 4417219795530868, guid: 3e546a3dd90dc430abc0445b7f31ce55, type: 2}
      propertyPath: m_LocalPosition.y
      value: 0
      objectReference: {fileID: 0}
    - target: {fileID: 4417219795530868, guid: 3e546a3dd90dc430abc0445b7f31ce55, type: 2}
      propertyPath: m_LocalPosition.z
      value: 0
      objectReference: {fileID: 0}
    - target: {fileID: 4417219795530868, guid: 3e546a3dd90dc430abc0445b7f31ce55, type: 2}
      propertyPath: m_LocalRotation.x
      value: 0
      objectReference: {fileID: 0}
    - target: {fileID: 4417219795530868, guid: 3e546a3dd90dc430abc0445b7f31ce55, type: 2}
      propertyPath: m_LocalRotation.y
      value: 0
      objectReference: {fileID: 0}
    - target: {fileID: 4417219795530868, guid: 3e546a3dd90dc430abc0445b7f31ce55, type: 2}
      propertyPath: m_LocalRotation.z
      value: 0
      objectReference: {fileID: 0}
    - target: {fileID: 4417219795530868, guid: 3e546a3dd90dc430abc0445b7f31ce55, type: 2}
      propertyPath: m_LocalRotation.w
      value: 1
      objectReference: {fileID: 0}
    - target: {fileID: 4417219795530868, guid: 3e546a3dd90dc430abc0445b7f31ce55, type: 2}
      propertyPath: m_RootOrder
      value: 14
      objectReference: {fileID: 0}
    m_RemovedComponents: []
  m_ParentPrefab: {fileID: 100100000, guid: 3e546a3dd90dc430abc0445b7f31ce55, type: 2}
  m_IsPrefabParent: 0
--- !u!1 &2010769107
GameObject:
  m_ObjectHideFlags: 0
  m_PrefabParentObject: {fileID: 0}
  m_PrefabInternal: {fileID: 0}
  serializedVersion: 5
  m_Component:
  - component: {fileID: 2010769109}
  - component: {fileID: 2010769108}
  m_Layer: 0
  m_Name: Point light
  m_TagString: Untagged
  m_Icon: {fileID: 0}
  m_NavMeshLayer: 0
  m_StaticEditorFlags: 0
  m_IsActive: 1
--- !u!108 &2010769108
Light:
  m_ObjectHideFlags: 0
  m_PrefabParentObject: {fileID: 0}
  m_PrefabInternal: {fileID: 0}
  m_GameObject: {fileID: 2010769107}
  m_Enabled: 1
  serializedVersion: 8
  m_Type: 2
  m_Color: {r: 1, g: 1, b: 1, a: 1}
  m_Intensity: 2
  m_Range: 10
  m_SpotAngle: 30
  m_CookieSize: 10
  m_Shadows:
    m_Type: 2
    m_Resolution: -1
    m_CustomResolution: -1
    m_Strength: 1
    m_Bias: 0.05
    m_NormalBias: 0.4
    m_NearPlane: 0.2
  m_Cookie: {fileID: 0}
  m_DrawHalo: 0
  m_Flare: {fileID: 0}
  m_RenderMode: 0
  m_CullingMask:
    serializedVersion: 2
    m_Bits: 4294967295
  m_Lightmapping: 1
  m_AreaSize: {x: 1, y: 1}
  m_BounceIntensity: 1
  m_ColorTemperature: 6570
  m_UseColorTemperature: 0
  m_ShadowRadius: 0
  m_ShadowAngle: 0
--- !u!4 &2010769109
Transform:
  m_ObjectHideFlags: 0
  m_PrefabParentObject: {fileID: 0}
  m_PrefabInternal: {fileID: 0}
  m_GameObject: {fileID: 2010769107}
  m_LocalRotation: {x: 0, y: 0, z: 0, w: 1}
  m_LocalPosition: {x: 0, y: 2.889, z: 0}
  m_LocalScale: {x: 1, y: 1, z: 1}
  m_Children: []
  m_Father: {fileID: 0}
  m_RootOrder: 19
  m_LocalEulerAnglesHint: {x: 0, y: 0, z: 0}
