%YAML 1.1
%TAG !u! tag:unity3d.com,2011:
--- !u!29 &1
OcclusionCullingSettings:
  m_ObjectHideFlags: 0
  serializedVersion: 2
  m_OcclusionBakeSettings:
    smallestOccluder: 5
    smallestHole: 0.25
    backfaceThreshold: 100
  m_SceneGUID: 00000000000000000000000000000000
  m_OcclusionCullingData: {fileID: 0}
--- !u!104 &2
RenderSettings:
  m_ObjectHideFlags: 0
  serializedVersion: 8
  m_Fog: 0
  m_FogColor: {r: 0.5, g: 0.5, b: 0.5, a: 1}
  m_FogMode: 3
  m_FogDensity: 0.01
  m_LinearFogStart: 0
  m_LinearFogEnd: 300
  m_AmbientSkyColor: {r: 0.212, g: 0.227, b: 0.259, a: 1}
  m_AmbientEquatorColor: {r: 0.114, g: 0.125, b: 0.133, a: 1}
  m_AmbientGroundColor: {r: 0.047, g: 0.043, b: 0.035, a: 1}
  m_AmbientIntensity: 1
  m_AmbientMode: 0
  m_SubtractiveShadowColor: {r: 0.42, g: 0.478, b: 0.627, a: 1}
  m_SkyboxMaterial: {fileID: 10304, guid: 0000000000000000f000000000000000, type: 0}
  m_HaloStrength: 0.5
  m_FlareStrength: 1
  m_FlareFadeSpeed: 3
  m_HaloTexture: {fileID: 0}
  m_SpotCookie: {fileID: 10001, guid: 0000000000000000e000000000000000, type: 0}
  m_DefaultReflectionMode: 0
  m_DefaultReflectionResolution: 128
  m_ReflectionBounces: 1
  m_ReflectionIntensity: 1
  m_CustomReflection: {fileID: 0}
  m_Sun: {fileID: 0}
  m_IndirectSpecularColor: {r: 0.37311992, g: 0.38074034, b: 0.35872716, a: 1}
--- !u!157 &3
LightmapSettings:
  m_ObjectHideFlags: 0
  serializedVersion: 11
  m_GIWorkflowMode: 1
  m_GISettings:
    serializedVersion: 2
    m_BounceScale: 1
    m_IndirectOutputScale: 1
    m_AlbedoBoost: 1
    m_TemporalCoherenceThreshold: 1
    m_EnvironmentLightingMode: 0
    m_EnableBakedLightmaps: 1
    m_EnableRealtimeLightmaps: 1
  m_LightmapEditorSettings:
    serializedVersion: 9
    m_Resolution: 2
    m_BakeResolution: 40
    m_TextureWidth: 2048
    m_TextureHeight: 1024
    m_AO: 1
    m_AOMaxDistance: 1
    m_CompAOExponent: 1
    m_CompAOExponentDirect: 0
    m_Padding: 2
    m_LightmapParameters: {fileID: 15200, guid: 0000000000000000f000000000000000,
      type: 0}
    m_LightmapsBakeMode: 1
    m_TextureCompression: 1
    m_FinalGather: 1
    m_FinalGatherFiltering: 1
    m_FinalGatherRayCount: 256
    m_ReflectionCompression: 2
    m_MixedBakeMode: 2
    m_BakeBackend: 0
    m_PVRSampling: 1
    m_PVRDirectSampleCount: 32
    m_PVRSampleCount: 500
    m_PVRBounces: 2
    m_PVRFilterTypeDirect: 0
    m_PVRFilterTypeIndirect: 0
    m_PVRFilterTypeAO: 0
    m_PVRFilteringMode: 1
    m_PVRCulling: 1
    m_PVRFilteringGaussRadiusDirect: 1
    m_PVRFilteringGaussRadiusIndirect: 5
    m_PVRFilteringGaussRadiusAO: 2
    m_PVRFilteringAtrousPositionSigmaDirect: 0.5
    m_PVRFilteringAtrousPositionSigmaIndirect: 2
    m_PVRFilteringAtrousPositionSigmaAO: 1
    m_ShowResolutionOverlay: 1
  m_LightingDataAsset: {fileID: 112000174, guid: 41e9e2e0b90704b2e97e1357c7765ad8,
    type: 2}
  m_UseShadowmask: 1
--- !u!196 &4
NavMeshSettings:
  serializedVersion: 2
  m_ObjectHideFlags: 0
  m_BuildSettings:
    serializedVersion: 2
    agentTypeID: 0
    agentRadius: 0.5
    agentHeight: 2
    agentSlope: 45
    agentClimb: 0.4
    ledgeDropHeight: 0
    maxJumpAcrossDistance: 0
    minRegionArea: 2
    manualCellSize: 0
    cellSize: 0.16666667
    manualTileSize: 0
    tileSize: 256
    accuratePlacement: 0
    debug:
      m_Flags: 0
  m_NavMeshData: {fileID: 0}
--- !u!1001 &40100233
Prefab:
  m_ObjectHideFlags: 0
  serializedVersion: 2
  m_Modification:
    m_TransformParent: {fileID: 0}
    m_Modifications:
    - target: {fileID: 4560259501532038, guid: 5e12b82319636e5479de69cb20cdbecc, type: 2}
      propertyPath: m_LocalPosition.x
      value: -3.891
      objectReference: {fileID: 0}
    - target: {fileID: 4560259501532038, guid: 5e12b82319636e5479de69cb20cdbecc, type: 2}
      propertyPath: m_LocalPosition.y
      value: 0.99644995
      objectReference: {fileID: 0}
    - target: {fileID: 4560259501532038, guid: 5e12b82319636e5479de69cb20cdbecc, type: 2}
      propertyPath: m_LocalPosition.z
      value: 0.016
      objectReference: {fileID: 0}
    - target: {fileID: 4560259501532038, guid: 5e12b82319636e5479de69cb20cdbecc, type: 2}
      propertyPath: m_LocalRotation.x
      value: -0
      objectReference: {fileID: 0}
    - target: {fileID: 4560259501532038, guid: 5e12b82319636e5479de69cb20cdbecc, type: 2}
      propertyPath: m_LocalRotation.y
      value: -0
      objectReference: {fileID: 0}
    - target: {fileID: 4560259501532038, guid: 5e12b82319636e5479de69cb20cdbecc, type: 2}
      propertyPath: m_LocalRotation.z
      value: -0
      objectReference: {fileID: 0}
    - target: {fileID: 4560259501532038, guid: 5e12b82319636e5479de69cb20cdbecc, type: 2}
      propertyPath: m_LocalRotation.w
      value: 1
      objectReference: {fileID: 0}
    - target: {fileID: 4560259501532038, guid: 5e12b82319636e5479de69cb20cdbecc, type: 2}
      propertyPath: m_RootOrder
      value: 23
      objectReference: {fileID: 0}
    m_RemovedComponents: []
  m_ParentPrefab: {fileID: 100100000, guid: 5e12b82319636e5479de69cb20cdbecc, type: 2}
  m_IsPrefabParent: 0
--- !u!1001 &87275255
Prefab:
  m_ObjectHideFlags: 0
  serializedVersion: 2
  m_Modification:
    m_TransformParent: {fileID: 0}
    m_Modifications:
    - target: {fileID: 4467950470920798, guid: 26657302d435fb149a99b383247e8c98, type: 2}
      propertyPath: m_LocalPosition.x
      value: -2.179
      objectReference: {fileID: 0}
    - target: {fileID: 4467950470920798, guid: 26657302d435fb149a99b383247e8c98, type: 2}
      propertyPath: m_LocalPosition.y
      value: 0.127
      objectReference: {fileID: 0}
    - target: {fileID: 4467950470920798, guid: 26657302d435fb149a99b383247e8c98, type: 2}
      propertyPath: m_LocalPosition.z
      value: -3.802
      objectReference: {fileID: 0}
    - target: {fileID: 4467950470920798, guid: 26657302d435fb149a99b383247e8c98, type: 2}
      propertyPath: m_LocalRotation.x
      value: -0
      objectReference: {fileID: 0}
    - target: {fileID: 4467950470920798, guid: 26657302d435fb149a99b383247e8c98, type: 2}
      propertyPath: m_LocalRotation.y
      value: 0.26029724
      objectReference: {fileID: 0}
    - target: {fileID: 4467950470920798, guid: 26657302d435fb149a99b383247e8c98, type: 2}
      propertyPath: m_LocalRotation.z
      value: -0
      objectReference: {fileID: 0}
    - target: {fileID: 4467950470920798, guid: 26657302d435fb149a99b383247e8c98, type: 2}
      propertyPath: m_LocalRotation.w
      value: 0.96552855
      objectReference: {fileID: 0}
    - target: {fileID: 4467950470920798, guid: 26657302d435fb149a99b383247e8c98, type: 2}
      propertyPath: m_RootOrder
      value: 29
      objectReference: {fileID: 0}
    - target: {fileID: 1105598556898552, guid: 26657302d435fb149a99b383247e8c98, type: 2}
      propertyPath: m_Name
      value: bookshelf (1)
      objectReference: {fileID: 0}
    m_RemovedComponents: []
  m_ParentPrefab: {fileID: 100100000, guid: 26657302d435fb149a99b383247e8c98, type: 2}
  m_IsPrefabParent: 0
--- !u!1001 &183144063
Prefab:
  m_ObjectHideFlags: 0
  serializedVersion: 2
  m_Modification:
    m_TransformParent: {fileID: 0}
    m_Modifications:
    - target: {fileID: 4262643010540446, guid: 7cf4ee462f673eb40ad16a0e5d704f6e, type: 2}
      propertyPath: m_LocalPosition.x
      value: 0.0575501
      objectReference: {fileID: 0}
    - target: {fileID: 4262643010540446, guid: 7cf4ee462f673eb40ad16a0e5d704f6e, type: 2}
      propertyPath: m_LocalPosition.y
      value: 0
      objectReference: {fileID: 0}
    - target: {fileID: 4262643010540446, guid: 7cf4ee462f673eb40ad16a0e5d704f6e, type: 2}
      propertyPath: m_LocalPosition.z
      value: -0.02127986
      objectReference: {fileID: 0}
    - target: {fileID: 4262643010540446, guid: 7cf4ee462f673eb40ad16a0e5d704f6e, type: 2}
      propertyPath: m_LocalRotation.x
      value: 0
      objectReference: {fileID: 0}
    - target: {fileID: 4262643010540446, guid: 7cf4ee462f673eb40ad16a0e5d704f6e, type: 2}
      propertyPath: m_LocalRotation.y
      value: 1
      objectReference: {fileID: 0}
    - target: {fileID: 4262643010540446, guid: 7cf4ee462f673eb40ad16a0e5d704f6e, type: 2}
      propertyPath: m_LocalRotation.z
      value: 0
      objectReference: {fileID: 0}
    - target: {fileID: 4262643010540446, guid: 7cf4ee462f673eb40ad16a0e5d704f6e, type: 2}
      propertyPath: m_LocalRotation.w
      value: 0
      objectReference: {fileID: 0}
    - target: {fileID: 4262643010540446, guid: 7cf4ee462f673eb40ad16a0e5d704f6e, type: 2}
      propertyPath: m_RootOrder
      value: 16
      objectReference: {fileID: 0}
    - target: {fileID: 114901583242302474, guid: 7cf4ee462f673eb40ad16a0e5d704f6e,
        type: 2}
      propertyPath: gameManager
      value: 
      objectReference: {fileID: 1223094343}
    - target: {fileID: 114379290761503276, guid: 7cf4ee462f673eb40ad16a0e5d704f6e,
        type: 2}
      propertyPath: gameManager
      value: 
      objectReference: {fileID: 1223094343}
    - target: {fileID: 114379290761503276, guid: 7cf4ee462f673eb40ad16a0e5d704f6e,
        type: 2}
      propertyPath: timeMessageSuffix
      value: until midnight. Wonder what happens after...
      objectReference: {fileID: 0}
    m_RemovedComponents: []
  m_ParentPrefab: {fileID: 100100000, guid: 7cf4ee462f673eb40ad16a0e5d704f6e, type: 2}
  m_IsPrefabParent: 0
--- !u!1001 &208895242
Prefab:
  m_ObjectHideFlags: 0
  serializedVersion: 2
  m_Modification:
    m_TransformParent: {fileID: 0}
    m_Modifications:
    - target: {fileID: 4831635362805008, guid: af185035f1344430aa933be6a334e871, type: 2}
      propertyPath: m_LocalPosition.x
      value: -0.014
      objectReference: {fileID: 0}
    - target: {fileID: 4831635362805008, guid: af185035f1344430aa933be6a334e871, type: 2}
      propertyPath: m_LocalPosition.y
      value: 1.5727047
      objectReference: {fileID: 0}
    - target: {fileID: 4831635362805008, guid: af185035f1344430aa933be6a334e871, type: 2}
      propertyPath: m_LocalPosition.z
      value: 4.1281
      objectReference: {fileID: 0}
    - target: {fileID: 4831635362805008, guid: af185035f1344430aa933be6a334e871, type: 2}
      propertyPath: m_LocalRotation.x
      value: -0.48385647
      objectReference: {fileID: 0}
    - target: {fileID: 4831635362805008, guid: af185035f1344430aa933be6a334e871, type: 2}
      propertyPath: m_LocalRotation.y
      value: -0.51798224
      objectReference: {fileID: 0}
    - target: {fileID: 4831635362805008, guid: af185035f1344430aa933be6a334e871, type: 2}
      propertyPath: m_LocalRotation.z
      value: 0.5225327
      objectReference: {fileID: 0}
    - target: {fileID: 4831635362805008, guid: af185035f1344430aa933be6a334e871, type: 2}
      propertyPath: m_LocalRotation.w
      value: 0.47385338
      objectReference: {fileID: 0}
    - target: {fileID: 4831635362805008, guid: af185035f1344430aa933be6a334e871, type: 2}
      propertyPath: m_RootOrder
      value: 4
      objectReference: {fileID: 0}
    m_RemovedComponents: []
  m_ParentPrefab: {fileID: 100100000, guid: af185035f1344430aa933be6a334e871, type: 2}
  m_IsPrefabParent: 0
--- !u!1001 &228428356
Prefab:
  m_ObjectHideFlags: 0
  serializedVersion: 2
  m_Modification:
    m_TransformParent: {fileID: 0}
    m_Modifications:
    - target: {fileID: 4226434537440560, guid: d304e35aecf51544a83269ce92fc759e, type: 2}
      propertyPath: m_LocalPosition.x
      value: 0
      objectReference: {fileID: 0}
    - target: {fileID: 4226434537440560, guid: d304e35aecf51544a83269ce92fc759e, type: 2}
      propertyPath: m_LocalPosition.y
      value: 0
      objectReference: {fileID: 0}
    - target: {fileID: 4226434537440560, guid: d304e35aecf51544a83269ce92fc759e, type: 2}
      propertyPath: m_LocalPosition.z
      value: 0
      objectReference: {fileID: 0}
    - target: {fileID: 4226434537440560, guid: d304e35aecf51544a83269ce92fc759e, type: 2}
      propertyPath: m_LocalRotation.x
      value: 0
      objectReference: {fileID: 0}
    - target: {fileID: 4226434537440560, guid: d304e35aecf51544a83269ce92fc759e, type: 2}
      propertyPath: m_LocalRotation.y
      value: 0
      objectReference: {fileID: 0}
    - target: {fileID: 4226434537440560, guid: d304e35aecf51544a83269ce92fc759e, type: 2}
      propertyPath: m_LocalRotation.z
      value: 0
      objectReference: {fileID: 0}
    - target: {fileID: 4226434537440560, guid: d304e35aecf51544a83269ce92fc759e, type: 2}
      propertyPath: m_LocalRotation.w
      value: 1
      objectReference: {fileID: 0}
    - target: {fileID: 4226434537440560, guid: d304e35aecf51544a83269ce92fc759e, type: 2}
      propertyPath: m_RootOrder
      value: 15
      objectReference: {fileID: 0}
    m_RemovedComponents: []
  m_ParentPrefab: {fileID: 100100000, guid: d304e35aecf51544a83269ce92fc759e, type: 2}
  m_IsPrefabParent: 0
--- !u!1001 &418673177
Prefab:
  m_ObjectHideFlags: 0
  serializedVersion: 2
  m_Modification:
    m_TransformParent: {fileID: 0}
    m_Modifications:
    - target: {fileID: 4706609689164022, guid: 1715c556d2b68084098e8a80187919c7, type: 2}
      propertyPath: m_LocalPosition.x
      value: 0
      objectReference: {fileID: 0}
    - target: {fileID: 4706609689164022, guid: 1715c556d2b68084098e8a80187919c7, type: 2}
      propertyPath: m_LocalPosition.y
      value: -0.05
      objectReference: {fileID: 0}
    - target: {fileID: 4706609689164022, guid: 1715c556d2b68084098e8a80187919c7, type: 2}
      propertyPath: m_LocalPosition.z
      value: 0
      objectReference: {fileID: 0}
    - target: {fileID: 4706609689164022, guid: 1715c556d2b68084098e8a80187919c7, type: 2}
      propertyPath: m_LocalRotation.x
      value: 0
      objectReference: {fileID: 0}
    - target: {fileID: 4706609689164022, guid: 1715c556d2b68084098e8a80187919c7, type: 2}
      propertyPath: m_LocalRotation.y
      value: -0
      objectReference: {fileID: 0}
    - target: {fileID: 4706609689164022, guid: 1715c556d2b68084098e8a80187919c7, type: 2}
      propertyPath: m_LocalRotation.z
      value: -0
      objectReference: {fileID: 0}
    - target: {fileID: 4706609689164022, guid: 1715c556d2b68084098e8a80187919c7, type: 2}
      propertyPath: m_LocalRotation.w
      value: 1
      objectReference: {fileID: 0}
    - target: {fileID: 4706609689164022, guid: 1715c556d2b68084098e8a80187919c7, type: 2}
      propertyPath: m_RootOrder
      value: 26
      objectReference: {fileID: 0}
    m_RemovedComponents: []
  m_ParentPrefab: {fileID: 100100000, guid: 1715c556d2b68084098e8a80187919c7, type: 2}
  m_IsPrefabParent: 0
--- !u!1001 &421390645
Prefab:
  m_ObjectHideFlags: 0
  serializedVersion: 2
  m_Modification:
    m_TransformParent: {fileID: 0}
    m_Modifications:
    - target: {fileID: 4467950470920798, guid: 26657302d435fb149a99b383247e8c98, type: 2}
      propertyPath: m_LocalPosition.x
      value: 2.16
      objectReference: {fileID: 0}
    - target: {fileID: 4467950470920798, guid: 26657302d435fb149a99b383247e8c98, type: 2}
      propertyPath: m_LocalPosition.y
      value: 0.127
      objectReference: {fileID: 0}
    - target: {fileID: 4467950470920798, guid: 26657302d435fb149a99b383247e8c98, type: 2}
      propertyPath: m_LocalPosition.z
      value: -3.82
      objectReference: {fileID: 0}
    - target: {fileID: 4467950470920798, guid: 26657302d435fb149a99b383247e8c98, type: 2}
      propertyPath: m_LocalRotation.x
      value: -0
      objectReference: {fileID: 0}
    - target: {fileID: 4467950470920798, guid: 26657302d435fb149a99b383247e8c98, type: 2}
      propertyPath: m_LocalRotation.y
      value: -0.25512782
      objectReference: {fileID: 0}
    - target: {fileID: 4467950470920798, guid: 26657302d435fb149a99b383247e8c98, type: 2}
      propertyPath: m_LocalRotation.z
      value: -0
      objectReference: {fileID: 0}
    - target: {fileID: 4467950470920798, guid: 26657302d435fb149a99b383247e8c98, type: 2}
      propertyPath: m_LocalRotation.w
      value: 0.9669074
      objectReference: {fileID: 0}
    - target: {fileID: 4467950470920798, guid: 26657302d435fb149a99b383247e8c98, type: 2}
      propertyPath: m_RootOrder
      value: 3
      objectReference: {fileID: 0}
    m_RemovedComponents: []
  m_ParentPrefab: {fileID: 100100000, guid: 26657302d435fb149a99b383247e8c98, type: 2}
  m_IsPrefabParent: 0
--- !u!1001 &428114871
Prefab:
  m_ObjectHideFlags: 0
  serializedVersion: 2
  m_Modification:
    m_TransformParent: {fileID: 0}
    m_Modifications:
    - target: {fileID: 4410326452392880, guid: a9b0881291c247a43a7d26346c7b96cf, type: 2}
      propertyPath: m_LocalPosition.x
      value: -0.326
      objectReference: {fileID: 0}
    - target: {fileID: 4410326452392880, guid: a9b0881291c247a43a7d26346c7b96cf, type: 2}
      propertyPath: m_LocalPosition.y
      value: 1.401
      objectReference: {fileID: 0}
    - target: {fileID: 4410326452392880, guid: a9b0881291c247a43a7d26346c7b96cf, type: 2}
      propertyPath: m_LocalPosition.z
      value: 4.053
      objectReference: {fileID: 0}
    - target: {fileID: 4410326452392880, guid: a9b0881291c247a43a7d26346c7b96cf, type: 2}
      propertyPath: m_LocalRotation.x
      value: 0
      objectReference: {fileID: 0}
    - target: {fileID: 4410326452392880, guid: a9b0881291c247a43a7d26346c7b96cf, type: 2}
      propertyPath: m_LocalRotation.y
      value: -0
      objectReference: {fileID: 0}
    - target: {fileID: 4410326452392880, guid: a9b0881291c247a43a7d26346c7b96cf, type: 2}
      propertyPath: m_LocalRotation.z
      value: -0
      objectReference: {fileID: 0}
    - target: {fileID: 4410326452392880, guid: a9b0881291c247a43a7d26346c7b96cf, type: 2}
      propertyPath: m_LocalRotation.w
      value: 1
      objectReference: {fileID: 0}
    - target: {fileID: 4410326452392880, guid: a9b0881291c247a43a7d26346c7b96cf, type: 2}
      propertyPath: m_RootOrder
      value: 19
      objectReference: {fileID: 0}
    m_RemovedComponents: []
  m_ParentPrefab: {fileID: 100100000, guid: a9b0881291c247a43a7d26346c7b96cf, type: 2}
  m_IsPrefabParent: 0
--- !u!1001 &443425617
Prefab:
  m_ObjectHideFlags: 0
  serializedVersion: 2
  m_Modification:
    m_TransformParent: {fileID: 0}
    m_Modifications:
    - target: {fileID: 4017988633304126, guid: 068e1470f74f1064fb31fc4e6485a217, type: 2}
      propertyPath: m_LocalPosition.x
      value: -0.19
      objectReference: {fileID: 0}
    - target: {fileID: 4017988633304126, guid: 068e1470f74f1064fb31fc4e6485a217, type: 2}
      propertyPath: m_LocalPosition.y
      value: 0.011
      objectReference: {fileID: 0}
    - target: {fileID: 4017988633304126, guid: 068e1470f74f1064fb31fc4e6485a217, type: 2}
      propertyPath: m_LocalPosition.z
      value: -2.81
      objectReference: {fileID: 0}
    - target: {fileID: 4017988633304126, guid: 068e1470f74f1064fb31fc4e6485a217, type: 2}
      propertyPath: m_LocalRotation.x
      value: 0
      objectReference: {fileID: 0}
    - target: {fileID: 4017988633304126, guid: 068e1470f74f1064fb31fc4e6485a217, type: 2}
      propertyPath: m_LocalRotation.y
      value: -0
      objectReference: {fileID: 0}
    - target: {fileID: 4017988633304126, guid: 068e1470f74f1064fb31fc4e6485a217, type: 2}
      propertyPath: m_LocalRotation.z
      value: -0
      objectReference: {fileID: 0}
    - target: {fileID: 4017988633304126, guid: 068e1470f74f1064fb31fc4e6485a217, type: 2}
      propertyPath: m_LocalRotation.w
      value: 1
      objectReference: {fileID: 0}
    - target: {fileID: 4017988633304126, guid: 068e1470f74f1064fb31fc4e6485a217, type: 2}
      propertyPath: m_RootOrder
      value: 2
      objectReference: {fileID: 0}
    - target: {fileID: 1929378189801920, guid: 068e1470f74f1064fb31fc4e6485a217, type: 2}
      propertyPath: m_StaticEditorFlags
      value: 4294967295
      objectReference: {fileID: 0}
    - target: {fileID: 1619232107937494, guid: 068e1470f74f1064fb31fc4e6485a217, type: 2}
      propertyPath: m_StaticEditorFlags
      value: 4294967295
      objectReference: {fileID: 0}
    m_RemovedComponents: []
  m_ParentPrefab: {fileID: 100100000, guid: 068e1470f74f1064fb31fc4e6485a217, type: 2}
  m_IsPrefabParent: 0
--- !u!1001 &583543169
Prefab:
  m_ObjectHideFlags: 0
  serializedVersion: 2
  m_Modification:
    m_TransformParent: {fileID: 0}
    m_Modifications:
    - target: {fileID: 4811117403220058, guid: bf9382e516143bd48b022cc036afb430, type: 2}
      propertyPath: m_LocalPosition.x
      value: 0
      objectReference: {fileID: 0}
    - target: {fileID: 4811117403220058, guid: bf9382e516143bd48b022cc036afb430, type: 2}
      propertyPath: m_LocalPosition.y
      value: 1.088
      objectReference: {fileID: 0}
    - target: {fileID: 4811117403220058, guid: bf9382e516143bd48b022cc036afb430, type: 2}
      propertyPath: m_LocalPosition.z
      value: 3.96
      objectReference: {fileID: 0}
    - target: {fileID: 4811117403220058, guid: bf9382e516143bd48b022cc036afb430, type: 2}
      propertyPath: m_LocalRotation.x
      value: 0
      objectReference: {fileID: 0}
    - target: {fileID: 4811117403220058, guid: bf9382e516143bd48b022cc036afb430, type: 2}
      propertyPath: m_LocalRotation.y
      value: -0
      objectReference: {fileID: 0}
    - target: {fileID: 4811117403220058, guid: bf9382e516143bd48b022cc036afb430, type: 2}
      propertyPath: m_LocalRotation.z
      value: -0
      objectReference: {fileID: 0}
    - target: {fileID: 4811117403220058, guid: bf9382e516143bd48b022cc036afb430, type: 2}
      propertyPath: m_LocalRotation.w
      value: 1
      objectReference: {fileID: 0}
    - target: {fileID: 4811117403220058, guid: bf9382e516143bd48b022cc036afb430, type: 2}
      propertyPath: m_RootOrder
      value: 10
      objectReference: {fileID: 0}
    - target: {fileID: 114729477825577600, guid: bf9382e516143bd48b022cc036afb430,
        type: 2}
      propertyPath: fullPedestalAnimator
      value: 
      objectReference: {fileID: 1603136066}
    - target: {fileID: 114729477825577600, guid: bf9382e516143bd48b022cc036afb430,
        type: 2}
      propertyPath: floorOpeningAnimator
      value: 
      objectReference: {fileID: 965668867}
    - target: {fileID: 114730054165837178, guid: bf9382e516143bd48b022cc036afb430,
        type: 2}
      propertyPath: Emitters.Array.data[0].Target
      value: 
      objectReference: {fileID: 1223094345}
    m_RemovedComponents: []
  m_ParentPrefab: {fileID: 100100000, guid: bf9382e516143bd48b022cc036afb430, type: 2}
  m_IsPrefabParent: 0
--- !u!1001 &652590346
Prefab:
  m_ObjectHideFlags: 0
  serializedVersion: 2
  m_Modification:
    m_TransformParent: {fileID: 0}
    m_Modifications:
    - target: {fileID: 4740882263584696, guid: 66dd120ec9d021b47b785a492fc89cff, type: 2}
      propertyPath: m_LocalPosition.x
      value: 0
      objectReference: {fileID: 0}
    - target: {fileID: 4740882263584696, guid: 66dd120ec9d021b47b785a492fc89cff, type: 2}
      propertyPath: m_LocalPosition.y
      value: 0
      objectReference: {fileID: 0}
    - target: {fileID: 4740882263584696, guid: 66dd120ec9d021b47b785a492fc89cff, type: 2}
      propertyPath: m_LocalPosition.z
      value: 0
      objectReference: {fileID: 0}
    - target: {fileID: 4740882263584696, guid: 66dd120ec9d021b47b785a492fc89cff, type: 2}
      propertyPath: m_LocalRotation.x
      value: 0
      objectReference: {fileID: 0}
    - target: {fileID: 4740882263584696, guid: 66dd120ec9d021b47b785a492fc89cff, type: 2}
      propertyPath: m_LocalRotation.y
      value: 1
      objectReference: {fileID: 0}
    - target: {fileID: 4740882263584696, guid: 66dd120ec9d021b47b785a492fc89cff, type: 2}
      propertyPath: m_LocalRotation.z
      value: 0
      objectReference: {fileID: 0}
    - target: {fileID: 4740882263584696, guid: 66dd120ec9d021b47b785a492fc89cff, type: 2}
      propertyPath: m_LocalRotation.w
      value: 0
      objectReference: {fileID: 0}
    - target: {fileID: 4740882263584696, guid: 66dd120ec9d021b47b785a492fc89cff, type: 2}
      propertyPath: m_RootOrder
      value: 17
      objectReference: {fileID: 0}
    - target: {fileID: 114851232139311714, guid: 66dd120ec9d021b47b785a492fc89cff,
        type: 2}
      propertyPath: outerRoomAnimator
      value: 
      objectReference: {fileID: 1412386957}
    m_RemovedComponents: []
  m_ParentPrefab: {fileID: 100100000, guid: 66dd120ec9d021b47b785a492fc89cff, type: 2}
  m_IsPrefabParent: 0
--- !u!1001 &678592905
Prefab:
  m_ObjectHideFlags: 0
  serializedVersion: 2
  m_Modification:
    m_TransformParent: {fileID: 0}
    m_Modifications:
    - target: {fileID: 4845617087341014, guid: 1d2e9e24f703fce40bee1540e5b256b1, type: 2}
      propertyPath: m_LocalPosition.x
      value: -0.0112
      objectReference: {fileID: 0}
    - target: {fileID: 4845617087341014, guid: 1d2e9e24f703fce40bee1540e5b256b1, type: 2}
      propertyPath: m_LocalPosition.y
      value: 0.8248001
      objectReference: {fileID: 0}
    - target: {fileID: 4845617087341014, guid: 1d2e9e24f703fce40bee1540e5b256b1, type: 2}
      propertyPath: m_LocalPosition.z
      value: -4.0669937
      objectReference: {fileID: 0}
    - target: {fileID: 4845617087341014, guid: 1d2e9e24f703fce40bee1540e5b256b1, type: 2}
      propertyPath: m_LocalRotation.x
      value: -0.01426922
      objectReference: {fileID: 0}
    - target: {fileID: 4845617087341014, guid: 1d2e9e24f703fce40bee1540e5b256b1, type: 2}
      propertyPath: m_LocalRotation.y
      value: 0.5764681
      objectReference: {fileID: 0}
    - target: {fileID: 4845617087341014, guid: 1d2e9e24f703fce40bee1540e5b256b1, type: 2}
      propertyPath: m_LocalRotation.z
      value: -0.010069064
      objectReference: {fileID: 0}
    - target: {fileID: 4845617087341014, guid: 1d2e9e24f703fce40bee1540e5b256b1, type: 2}
      propertyPath: m_LocalRotation.w
      value: 0.816933
      objectReference: {fileID: 0}
    - target: {fileID: 4845617087341014, guid: 1d2e9e24f703fce40bee1540e5b256b1, type: 2}
      propertyPath: m_RootOrder
      value: 9
      objectReference: {fileID: 0}
    - target: {fileID: 114189965058178054, guid: 1d2e9e24f703fce40bee1540e5b256b1,
        type: 2}
      propertyPath: objectMessage
      value: '"Wine blurred your loyalty. Start by burning the very book I will use
        to teach you a lesson."'
      objectReference: {fileID: 0}
    - target: {fileID: 1348906493703604, guid: 1d2e9e24f703fce40bee1540e5b256b1, type: 2}
      propertyPath: m_StaticEditorFlags
      value: 4294967295
      objectReference: {fileID: 0}
    - target: {fileID: 1111984023523430, guid: 1d2e9e24f703fce40bee1540e5b256b1, type: 2}
      propertyPath: m_StaticEditorFlags
      value: 4294967295
      objectReference: {fileID: 0}
    m_RemovedComponents: []
  m_ParentPrefab: {fileID: 100100000, guid: 1d2e9e24f703fce40bee1540e5b256b1, type: 2}
  m_IsPrefabParent: 0
--- !u!1001 &710810342
Prefab:
  m_ObjectHideFlags: 0
  serializedVersion: 2
  m_Modification:
    m_TransformParent: {fileID: 0}
    m_Modifications:
    - target: {fileID: 4410326452392880, guid: a9b0881291c247a43a7d26346c7b96cf, type: 2}
      propertyPath: m_LocalPosition.x
      value: -0.186
      objectReference: {fileID: 0}
    - target: {fileID: 4410326452392880, guid: a9b0881291c247a43a7d26346c7b96cf, type: 2}
      propertyPath: m_LocalPosition.y
      value: 1.401
      objectReference: {fileID: 0}
    - target: {fileID: 4410326452392880, guid: a9b0881291c247a43a7d26346c7b96cf, type: 2}
      propertyPath: m_LocalPosition.z
      value: 4.053
      objectReference: {fileID: 0}
    - target: {fileID: 4410326452392880, guid: a9b0881291c247a43a7d26346c7b96cf, type: 2}
      propertyPath: m_LocalRotation.x
      value: 0
      objectReference: {fileID: 0}
    - target: {fileID: 4410326452392880, guid: a9b0881291c247a43a7d26346c7b96cf, type: 2}
      propertyPath: m_LocalRotation.y
      value: -0
      objectReference: {fileID: 0}
    - target: {fileID: 4410326452392880, guid: a9b0881291c247a43a7d26346c7b96cf, type: 2}
      propertyPath: m_LocalRotation.z
      value: -0
      objectReference: {fileID: 0}
    - target: {fileID: 4410326452392880, guid: a9b0881291c247a43a7d26346c7b96cf, type: 2}
      propertyPath: m_LocalRotation.w
      value: 1
      objectReference: {fileID: 0}
    - target: {fileID: 4410326452392880, guid: a9b0881291c247a43a7d26346c7b96cf, type: 2}
      propertyPath: m_RootOrder
      value: 20
      objectReference: {fileID: 0}
    - target: {fileID: 1112208225019436, guid: a9b0881291c247a43a7d26346c7b96cf, type: 2}
      propertyPath: m_Name
      value: Candle (1)
      objectReference: {fileID: 0}
    m_RemovedComponents: []
  m_ParentPrefab: {fileID: 100100000, guid: a9b0881291c247a43a7d26346c7b96cf, type: 2}
  m_IsPrefabParent: 0
--- !u!1001 &724041835
Prefab:
  m_ObjectHideFlags: 0
  serializedVersion: 2
  m_Modification:
    m_TransformParent: {fileID: 0}
    m_Modifications:
    - target: {fileID: 4655052071814320, guid: 80aa800c9e444417281cba29df220294, type: 2}
      propertyPath: m_LocalPosition.x
      value: 0
      objectReference: {fileID: 0}
    - target: {fileID: 4655052071814320, guid: 80aa800c9e444417281cba29df220294, type: 2}
      propertyPath: m_LocalPosition.y
      value: 0
      objectReference: {fileID: 0}
    - target: {fileID: 4655052071814320, guid: 80aa800c9e444417281cba29df220294, type: 2}
      propertyPath: m_LocalPosition.z
      value: 0
      objectReference: {fileID: 0}
    - target: {fileID: 4655052071814320, guid: 80aa800c9e444417281cba29df220294, type: 2}
      propertyPath: m_LocalRotation.x
      value: 0
      objectReference: {fileID: 0}
    - target: {fileID: 4655052071814320, guid: 80aa800c9e444417281cba29df220294, type: 2}
      propertyPath: m_LocalRotation.y
      value: 0
      objectReference: {fileID: 0}
    - target: {fileID: 4655052071814320, guid: 80aa800c9e444417281cba29df220294, type: 2}
      propertyPath: m_LocalRotation.z
      value: 0
      objectReference: {fileID: 0}
    - target: {fileID: 4655052071814320, guid: 80aa800c9e444417281cba29df220294, type: 2}
      propertyPath: m_LocalRotation.w
      value: 1
      objectReference: {fileID: 0}
    - target: {fileID: 4655052071814320, guid: 80aa800c9e444417281cba29df220294, type: 2}
      propertyPath: m_RootOrder
      value: 6
      objectReference: {fileID: 0}
    m_RemovedComponents: []
  m_ParentPrefab: {fileID: 100100000, guid: 80aa800c9e444417281cba29df220294, type: 2}
  m_IsPrefabParent: 0
--- !u!1001 &900245284
Prefab:
  m_ObjectHideFlags: 0
  serializedVersion: 2
  m_Modification:
    m_TransformParent: {fileID: 0}
    m_Modifications:
    - target: {fileID: 4066926757052434, guid: d05832482fa1eea41a3dfcdebfa4cbdd, type: 2}
      propertyPath: m_LocalPosition.x
      value: -3.692
      objectReference: {fileID: 0}
    - target: {fileID: 4066926757052434, guid: d05832482fa1eea41a3dfcdebfa4cbdd, type: 2}
      propertyPath: m_LocalPosition.y
      value: 1.06
      objectReference: {fileID: 0}
    - target: {fileID: 4066926757052434, guid: d05832482fa1eea41a3dfcdebfa4cbdd, type: 2}
      propertyPath: m_LocalPosition.z
      value: 1.765
      objectReference: {fileID: 0}
    - target: {fileID: 4066926757052434, guid: d05832482fa1eea41a3dfcdebfa4cbdd, type: 2}
      propertyPath: m_LocalRotation.x
      value: -0
      objectReference: {fileID: 0}
    - target: {fileID: 4066926757052434, guid: d05832482fa1eea41a3dfcdebfa4cbdd, type: 2}
      propertyPath: m_LocalRotation.y
      value: -0.9361733
      objectReference: {fileID: 0}
    - target: {fileID: 4066926757052434, guid: d05832482fa1eea41a3dfcdebfa4cbdd, type: 2}
      propertyPath: m_LocalRotation.z
      value: -0
      objectReference: {fileID: 0}
    - target: {fileID: 4066926757052434, guid: d05832482fa1eea41a3dfcdebfa4cbdd, type: 2}
      propertyPath: m_LocalRotation.w
      value: 0.3515388
      objectReference: {fileID: 0}
    - target: {fileID: 4066926757052434, guid: d05832482fa1eea41a3dfcdebfa4cbdd, type: 2}
      propertyPath: m_RootOrder
      value: 14
      objectReference: {fileID: 0}
    m_RemovedComponents: []
  m_ParentPrefab: {fileID: 100100000, guid: d05832482fa1eea41a3dfcdebfa4cbdd, type: 2}
  m_IsPrefabParent: 0
--- !u!95 &965668867 stripped
Animator:
  m_PrefabParentObject: {fileID: 95365953147565544, guid: 1715c556d2b68084098e8a80187919c7,
    type: 2}
  m_PrefabInternal: {fileID: 418673177}
--- !u!1001 &1023709461
Prefab:
  m_ObjectHideFlags: 0
  serializedVersion: 2
  m_Modification:
    m_TransformParent: {fileID: 0}
    m_Modifications:
    - target: {fileID: 4809491087185484, guid: 95d448da474d79946b9d1b7d017c1466, type: 2}
      propertyPath: m_LocalPosition.x
      value: 0
      objectReference: {fileID: 0}
    - target: {fileID: 4809491087185484, guid: 95d448da474d79946b9d1b7d017c1466, type: 2}
      propertyPath: m_LocalPosition.y
      value: 0.524
      objectReference: {fileID: 0}
    - target: {fileID: 4809491087185484, guid: 95d448da474d79946b9d1b7d017c1466, type: 2}
      propertyPath: m_LocalPosition.z
      value: -4.263
      objectReference: {fileID: 0}
    - target: {fileID: 4809491087185484, guid: 95d448da474d79946b9d1b7d017c1466, type: 2}
      propertyPath: m_LocalRotation.x
      value: 0
      objectReference: {fileID: 0}
    - target: {fileID: 4809491087185484, guid: 95d448da474d79946b9d1b7d017c1466, type: 2}
      propertyPath: m_LocalRotation.y
      value: -0
      objectReference: {fileID: 0}
    - target: {fileID: 4809491087185484, guid: 95d448da474d79946b9d1b7d017c1466, type: 2}
      propertyPath: m_LocalRotation.z
      value: -0
      objectReference: {fileID: 0}
    - target: {fileID: 4809491087185484, guid: 95d448da474d79946b9d1b7d017c1466, type: 2}
      propertyPath: m_LocalRotation.w
      value: 1
      objectReference: {fileID: 0}
    - target: {fileID: 4809491087185484, guid: 95d448da474d79946b9d1b7d017c1466, type: 2}
      propertyPath: m_RootOrder
      value: 7
      objectReference: {fileID: 0}
    m_RemovedComponents: []
  m_ParentPrefab: {fileID: 100100000, guid: 95d448da474d79946b9d1b7d017c1466, type: 2}
  m_IsPrefabParent: 0
--- !u!1001 &1027174802
Prefab:
  m_ObjectHideFlags: 0
  serializedVersion: 2
  m_Modification:
    m_TransformParent: {fileID: 0}
    m_Modifications:
    - target: {fileID: 4133635643734460, guid: 8710bd4e4247f4e4dbc80dcbd2e0cd93, type: 2}
      propertyPath: m_LocalPosition.x
      value: 4.365
      objectReference: {fileID: 0}
    - target: {fileID: 4133635643734460, guid: 8710bd4e4247f4e4dbc80dcbd2e0cd93, type: 2}
      propertyPath: m_LocalPosition.y
      value: 2.172
      objectReference: {fileID: 0}
    - target: {fileID: 4133635643734460, guid: 8710bd4e4247f4e4dbc80dcbd2e0cd93, type: 2}
      propertyPath: m_LocalPosition.z
      value: -2.726
      objectReference: {fileID: 0}
    - target: {fileID: 4133635643734460, guid: 8710bd4e4247f4e4dbc80dcbd2e0cd93, type: 2}
      propertyPath: m_LocalRotation.x
      value: -0
      objectReference: {fileID: 0}
    - target: {fileID: 4133635643734460, guid: 8710bd4e4247f4e4dbc80dcbd2e0cd93, type: 2}
      propertyPath: m_LocalRotation.y
      value: 0.4991471
      objectReference: {fileID: 0}
    - target: {fileID: 4133635643734460, guid: 8710bd4e4247f4e4dbc80dcbd2e0cd93, type: 2}
      propertyPath: m_LocalRotation.z
      value: -0
      objectReference: {fileID: 0}
    - target: {fileID: 4133635643734460, guid: 8710bd4e4247f4e4dbc80dcbd2e0cd93, type: 2}
      propertyPath: m_LocalRotation.w
      value: -0.8665173
      objectReference: {fileID: 0}
    - target: {fileID: 4133635643734460, guid: 8710bd4e4247f4e4dbc80dcbd2e0cd93, type: 2}
      propertyPath: m_RootOrder
      value: 32
      objectReference: {fileID: 0}
    - target: {fileID: 1730304021019712, guid: 8710bd4e4247f4e4dbc80dcbd2e0cd93, type: 2}
      propertyPath: m_Name
      value: lamp (3)
      objectReference: {fileID: 0}
    - target: {fileID: 108802194544601800, guid: 8710bd4e4247f4e4dbc80dcbd2e0cd93,
        type: 2}
      propertyPath: m_Lightmapping
      value: 2
      objectReference: {fileID: 0}
    m_RemovedComponents: []
  m_ParentPrefab: {fileID: 100100000, guid: 8710bd4e4247f4e4dbc80dcbd2e0cd93, type: 2}
  m_IsPrefabParent: 0
--- !u!1001 &1099268803
Prefab:
  m_ObjectHideFlags: 0
  serializedVersion: 2
  m_Modification:
    m_TransformParent: {fileID: 0}
    m_Modifications:
    - target: {fileID: 4009977004096664, guid: e81daf4fae73f6f44a84c9a57b84e025, type: 2}
      propertyPath: m_LocalPosition.x
      value: -3.174
      objectReference: {fileID: 0}
    - target: {fileID: 4009977004096664, guid: e81daf4fae73f6f44a84c9a57b84e025, type: 2}
      propertyPath: m_LocalPosition.y
      value: 0.7571
      objectReference: {fileID: 0}
    - target: {fileID: 4009977004096664, guid: e81daf4fae73f6f44a84c9a57b84e025, type: 2}
      propertyPath: m_LocalPosition.z
      value: 0.095
      objectReference: {fileID: 0}
    - target: {fileID: 4009977004096664, guid: e81daf4fae73f6f44a84c9a57b84e025, type: 2}
      propertyPath: m_LocalRotation.x
      value: 0.4343652
      objectReference: {fileID: 0}
    - target: {fileID: 4009977004096664, guid: e81daf4fae73f6f44a84c9a57b84e025, type: 2}
      propertyPath: m_LocalRotation.y
      value: 0.4343652
      objectReference: {fileID: 0}
    - target: {fileID: 4009977004096664, guid: e81daf4fae73f6f44a84c9a57b84e025, type: 2}
      propertyPath: m_LocalRotation.z
      value: 0.55796677
      objectReference: {fileID: 0}
    - target: {fileID: 4009977004096664, guid: e81daf4fae73f6f44a84c9a57b84e025, type: 2}
      propertyPath: m_LocalRotation.w
      value: 0.55796677
      objectReference: {fileID: 0}
    - target: {fileID: 4009977004096664, guid: e81daf4fae73f6f44a84c9a57b84e025, type: 2}
      propertyPath: m_RootOrder
      value: 12
      objectReference: {fileID: 0}
    m_RemovedComponents: []
  m_ParentPrefab: {fileID: 100100000, guid: e81daf4fae73f6f44a84c9a57b84e025, type: 2}
  m_IsPrefabParent: 0
--- !u!1001 &1104340459
Prefab:
  m_ObjectHideFlags: 0
  serializedVersion: 2
  m_Modification:
    m_TransformParent: {fileID: 0}
    m_Modifications:
    - target: {fileID: 4082337705834516, guid: 6cc9fa5b39fa5b849a3fb122262121c4, type: 2}
      propertyPath: m_LocalPosition.x
      value: -0.482
      objectReference: {fileID: 0}
    - target: {fileID: 4082337705834516, guid: 6cc9fa5b39fa5b849a3fb122262121c4, type: 2}
      propertyPath: m_LocalPosition.y
      value: 0.823
      objectReference: {fileID: 0}
    - target: {fileID: 4082337705834516, guid: 6cc9fa5b39fa5b849a3fb122262121c4, type: 2}
      propertyPath: m_LocalPosition.z
      value: -4.38
      objectReference: {fileID: 0}
    - target: {fileID: 4082337705834516, guid: 6cc9fa5b39fa5b849a3fb122262121c4, type: 2}
      propertyPath: m_LocalRotation.x
      value: 0
      objectReference: {fileID: 0}
    - target: {fileID: 4082337705834516, guid: 6cc9fa5b39fa5b849a3fb122262121c4, type: 2}
      propertyPath: m_LocalRotation.y
      value: 0
      objectReference: {fileID: 0}
    - target: {fileID: 4082337705834516, guid: 6cc9fa5b39fa5b849a3fb122262121c4, type: 2}
      propertyPath: m_LocalRotation.z
      value: 0.7071068
      objectReference: {fileID: 0}
    - target: {fileID: 4082337705834516, guid: 6cc9fa5b39fa5b849a3fb122262121c4, type: 2}
      propertyPath: m_LocalRotation.w
      value: 0.7071068
      objectReference: {fileID: 0}
    - target: {fileID: 4082337705834516, guid: 6cc9fa5b39fa5b849a3fb122262121c4, type: 2}
      propertyPath: m_RootOrder
      value: 13
      objectReference: {fileID: 0}
    m_RemovedComponents: []
  m_ParentPrefab: {fileID: 100100000, guid: 6cc9fa5b39fa5b849a3fb122262121c4, type: 2}
  m_IsPrefabParent: 0
--- !u!1001 &1105438596
Prefab:
  m_ObjectHideFlags: 0
  serializedVersion: 2
  m_Modification:
    m_TransformParent: {fileID: 0}
    m_Modifications:
    - target: {fileID: 4361784306713548, guid: b1c5896a350cc4c559985a04c1b67550, type: 2}
      propertyPath: m_LocalPosition.x
      value: 0.1045
      objectReference: {fileID: 0}
    - target: {fileID: 4361784306713548, guid: b1c5896a350cc4c559985a04c1b67550, type: 2}
      propertyPath: m_LocalPosition.y
      value: 0.8368
      objectReference: {fileID: 0}
    - target: {fileID: 4361784306713548, guid: b1c5896a350cc4c559985a04c1b67550, type: 2}
      propertyPath: m_LocalPosition.z
      value: -4.1219
      objectReference: {fileID: 0}
    - target: {fileID: 4361784306713548, guid: b1c5896a350cc4c559985a04c1b67550, type: 2}
      propertyPath: m_LocalRotation.x
      value: -0
      objectReference: {fileID: 0}
    - target: {fileID: 4361784306713548, guid: b1c5896a350cc4c559985a04c1b67550, type: 2}
      propertyPath: m_LocalRotation.y
      value: 0.2550781
      objectReference: {fileID: 0}
    - target: {fileID: 4361784306713548, guid: b1c5896a350cc4c559985a04c1b67550, type: 2}
      propertyPath: m_LocalRotation.z
      value: -0
      objectReference: {fileID: 0}
    - target: {fileID: 4361784306713548, guid: b1c5896a350cc4c559985a04c1b67550, type: 2}
      propertyPath: m_LocalRotation.w
      value: 0.96692044
      objectReference: {fileID: 0}
    - target: {fileID: 4361784306713548, guid: b1c5896a350cc4c559985a04c1b67550, type: 2}
      propertyPath: m_RootOrder
      value: 8
      objectReference: {fileID: 0}
    - target: {fileID: 1459541573598196, guid: b1c5896a350cc4c559985a04c1b67550, type: 2}
      propertyPath: m_Name
      value: book_Ovid
      objectReference: {fileID: 0}
    m_RemovedComponents: []
  m_ParentPrefab: {fileID: 100100000, guid: b1c5896a350cc4c559985a04c1b67550, type: 2}
  m_IsPrefabParent: 0
--- !u!114 &1223094343 stripped
MonoBehaviour:
  m_PrefabParentObject: {fileID: 114973696618550786, guid: 80aa800c9e444417281cba29df220294,
    type: 2}
  m_PrefabInternal: {fileID: 724041835}
  m_Script: {fileID: 11500000, guid: d457a6238a25b49238da1ca8be042b6b, type: 3}
--- !u!114 &1223094345 stripped
MonoBehaviour:
  m_PrefabParentObject: {fileID: 114100241870066070, guid: 80aa800c9e444417281cba29df220294,
    type: 2}
  m_PrefabInternal: {fileID: 724041835}
  m_Script: {fileID: 11500000, guid: 9a6610d2e704f1648819acc8d7460285, type: 3}
--- !u!95 &1412386957 stripped
Animator:
  m_PrefabParentObject: {fileID: 95265990173479220, guid: 7cf4ee462f673eb40ad16a0e5d704f6e,
    type: 2}
  m_PrefabInternal: {fileID: 183144063}
--- !u!1001 &1416595523
Prefab:
  m_ObjectHideFlags: 0
  serializedVersion: 2
  m_Modification:
    m_TransformParent: {fileID: 0}
    m_Modifications:
    - target: {fileID: 4133635643734460, guid: 8710bd4e4247f4e4dbc80dcbd2e0cd93, type: 2}
      propertyPath: m_LocalPosition.x
      value: 4.43
      objectReference: {fileID: 0}
    - target: {fileID: 4133635643734460, guid: 8710bd4e4247f4e4dbc80dcbd2e0cd93, type: 2}
      propertyPath: m_LocalPosition.y
      value: 2.172
      objectReference: {fileID: 0}
    - target: {fileID: 4133635643734460, guid: 8710bd4e4247f4e4dbc80dcbd2e0cd93, type: 2}
      propertyPath: m_LocalPosition.z
      value: 2.62
      objectReference: {fileID: 0}
    - target: {fileID: 4133635643734460, guid: 8710bd4e4247f4e4dbc80dcbd2e0cd93, type: 2}
      propertyPath: m_LocalRotation.x
      value: -0
      objectReference: {fileID: 0}
    - target: {fileID: 4133635643734460, guid: 8710bd4e4247f4e4dbc80dcbd2e0cd93, type: 2}
      propertyPath: m_LocalRotation.y
      value: 0.86868286
      objectReference: {fileID: 0}
    - target: {fileID: 4133635643734460, guid: 8710bd4e4247f4e4dbc80dcbd2e0cd93, type: 2}
      propertyPath: m_LocalRotation.z
      value: -0
      objectReference: {fileID: 0}
    - target: {fileID: 4133635643734460, guid: 8710bd4e4247f4e4dbc80dcbd2e0cd93, type: 2}
      propertyPath: m_LocalRotation.w
      value: -0.4953687
      objectReference: {fileID: 0}
    - target: {fileID: 4133635643734460, guid: 8710bd4e4247f4e4dbc80dcbd2e0cd93, type: 2}
      propertyPath: m_RootOrder
      value: 31
      objectReference: {fileID: 0}
    - target: {fileID: 1730304021019712, guid: 8710bd4e4247f4e4dbc80dcbd2e0cd93, type: 2}
      propertyPath: m_Name
      value: lamp (2)
      objectReference: {fileID: 0}
    m_RemovedComponents: []
  m_ParentPrefab: {fileID: 100100000, guid: 8710bd4e4247f4e4dbc80dcbd2e0cd93, type: 2}
  m_IsPrefabParent: 0
--- !u!1 &1496061132
GameObject:
  m_ObjectHideFlags: 0
  m_PrefabParentObject: {fileID: 0}
  m_PrefabInternal: {fileID: 0}
  serializedVersion: 5
  m_Component:
  - component: {fileID: 1496061134}
  - component: {fileID: 1496061133}
  m_Layer: 0
  m_Name: Point_light_desk
  m_TagString: Untagged
  m_Icon: {fileID: 0}
  m_NavMeshLayer: 0
  m_StaticEditorFlags: 0
  m_IsActive: 1
--- !u!108 &1496061133
Light:
  m_ObjectHideFlags: 0
  m_PrefabParentObject: {fileID: 0}
  m_PrefabInternal: {fileID: 0}
  m_GameObject: {fileID: 1496061132}
  m_Enabled: 1
  serializedVersion: 8
  m_Type: 2
  m_Color: {r: 0.8308824, g: 0.6948672, b: 0.33601862, a: 1}
  m_Intensity: 2
  m_Range: 2
  m_SpotAngle: 30
  m_CookieSize: 10
  m_Shadows:
    m_Type: 0
    m_Resolution: -1
    m_CustomResolution: -1
    m_Strength: 1
    m_Bias: 0.05
    m_NormalBias: 0.4
    m_NearPlane: 0.2
  m_Cookie: {fileID: 0}
  m_DrawHalo: 0
  m_Flare: {fileID: 0}
  m_RenderMode: 0
  m_CullingMask:
    serializedVersion: 2
    m_Bits: 4294967295
  m_Lightmapping: 2
  m_AreaSize: {x: 1, y: 1}
  m_BounceIntensity: 1
  m_ColorTemperature: 6570
  m_UseColorTemperature: 0
  m_ShadowRadius: 0
  m_ShadowAngle: 0
--- !u!4 &1496061134
Transform:
  m_ObjectHideFlags: 0
  m_PrefabParentObject: {fileID: 0}
  m_PrefabInternal: {fileID: 0}
  m_GameObject: {fileID: 1496061132}
  m_LocalRotation: {x: 0, y: 0, z: 0, w: 1}
  m_LocalPosition: {x: 0, y: 1.6, z: -3.96}
  m_LocalScale: {x: 1, y: 1, z: 1}
  m_Children: []
  m_Father: {fileID: 0}
  m_RootOrder: 33
  m_LocalEulerAnglesHint: {x: 0, y: 0, z: 0}
--- !u!1001 &1540696975
Prefab:
  m_ObjectHideFlags: 0
  serializedVersion: 2
  m_Modification:
    m_TransformParent: {fileID: 0}
    m_Modifications:
    - target: {fileID: 4160905170057686, guid: fbd799e72f575d24fb275bcc931ff36d, type: 2}
      propertyPath: m_LocalPosition.x
      value: 8.678
      objectReference: {fileID: 0}
    - target: {fileID: 4160905170057686, guid: fbd799e72f575d24fb275bcc931ff36d, type: 2}
      propertyPath: m_LocalPosition.y
      value: 2.41
      objectReference: {fileID: 0}
    - target: {fileID: 4160905170057686, guid: fbd799e72f575d24fb275bcc931ff36d, type: 2}
      propertyPath: m_LocalPosition.z
      value: 0
      objectReference: {fileID: 0}
    - target: {fileID: 4160905170057686, guid: fbd799e72f575d24fb275bcc931ff36d, type: 2}
      propertyPath: m_LocalRotation.x
      value: 0
      objectReference: {fileID: 0}
    - target: {fileID: 4160905170057686, guid: fbd799e72f575d24fb275bcc931ff36d, type: 2}
      propertyPath: m_LocalRotation.y
      value: -0
      objectReference: {fileID: 0}
    - target: {fileID: 4160905170057686, guid: fbd799e72f575d24fb275bcc931ff36d, type: 2}
      propertyPath: m_LocalRotation.z
      value: -0
      objectReference: {fileID: 0}
    - target: {fileID: 4160905170057686, guid: fbd799e72f575d24fb275bcc931ff36d, type: 2}
      propertyPath: m_LocalRotation.w
      value: 1
      objectReference: {fileID: 0}
    - target: {fileID: 4160905170057686, guid: fbd799e72f575d24fb275bcc931ff36d, type: 2}
      propertyPath: m_RootOrder
      value: 25
      objectReference: {fileID: 0}
    m_RemovedComponents: []
  m_ParentPrefab: {fileID: 100100000, guid: fbd799e72f575d24fb275bcc931ff36d, type: 2}
  m_IsPrefabParent: 0
--- !u!1001 &1545814512
Prefab:
  m_ObjectHideFlags: 0
  serializedVersion: 2
  m_Modification:
    m_TransformParent: {fileID: 0}
    m_Modifications:
    - target: {fileID: 4266541474021190, guid: 04a1ae9b207f78d4fa76e37c667e7b3b, type: 2}
      propertyPath: m_LocalPosition.x
      value: 0.365
      objectReference: {fileID: 0}
    - target: {fileID: 4266541474021190, guid: 04a1ae9b207f78d4fa76e37c667e7b3b, type: 2}
      propertyPath: m_LocalPosition.y
      value: 0.4275999
      objectReference: {fileID: 0}
    - target: {fileID: 4266541474021190, guid: 04a1ae9b207f78d4fa76e37c667e7b3b, type: 2}
      propertyPath: m_LocalPosition.z
      value: 4.299
      objectReference: {fileID: 0}
    - target: {fileID: 4266541474021190, guid: 04a1ae9b207f78d4fa76e37c667e7b3b, type: 2}
      propertyPath: m_LocalRotation.x
      value: 0.5511141
      objectReference: {fileID: 0}
    - target: {fileID: 4266541474021190, guid: 04a1ae9b207f78d4fa76e37c667e7b3b, type: 2}
      propertyPath: m_LocalRotation.y
      value: -0.5511141
      objectReference: {fileID: 0}
    - target: {fileID: 4266541474021190, guid: 04a1ae9b207f78d4fa76e37c667e7b3b, type: 2}
      propertyPath: m_LocalRotation.z
      value: -0.44302747
      objectReference: {fileID: 0}
    - target: {fileID: 4266541474021190, guid: 04a1ae9b207f78d4fa76e37c667e7b3b, type: 2}
      propertyPath: m_LocalRotation.w
      value: 0.44302747
      objectReference: {fileID: 0}
    - target: {fileID: 4266541474021190, guid: 04a1ae9b207f78d4fa76e37c667e7b3b, type: 2}
      propertyPath: m_RootOrder
      value: 11
      objectReference: {fileID: 0}
    m_RemovedComponents: []
  m_ParentPrefab: {fileID: 100100000, guid: 04a1ae9b207f78d4fa76e37c667e7b3b, type: 2}
  m_IsPrefabParent: 0
--- !u!95 &1603136066 stripped
Animator:
  m_PrefabParentObject: {fileID: 95142665088938288, guid: 66dd120ec9d021b47b785a492fc89cff,
    type: 2}
  m_PrefabInternal: {fileID: 652590346}
--- !u!1001 &1691940344
Prefab:
  m_ObjectHideFlags: 0
  serializedVersion: 2
  m_Modification:
    m_TransformParent: {fileID: 0}
    m_Modifications:
    - target: {fileID: 4792215140907836, guid: c7355ffcfe345de42abcf9ef8da116db, type: 2}
      propertyPath: m_LocalPosition.x
      value: 0
      objectReference: {fileID: 0}
    - target: {fileID: 4792215140907836, guid: c7355ffcfe345de42abcf9ef8da116db, type: 2}
      propertyPath: m_LocalPosition.y
      value: 1.944
      objectReference: {fileID: 0}
    - target: {fileID: 4792215140907836, guid: c7355ffcfe345de42abcf9ef8da116db, type: 2}
      propertyPath: m_LocalPosition.z
      value: -4.762
      objectReference: {fileID: 0}
    - target: {fileID: 4792215140907836, guid: c7355ffcfe345de42abcf9ef8da116db, type: 2}
      propertyPath: m_LocalRotation.x
      value: 0
      objectReference: {fileID: 0}
    - target: {fileID: 4792215140907836, guid: c7355ffcfe345de42abcf9ef8da116db, type: 2}
      propertyPath: m_LocalRotation.y
      value: -0
      objectReference: {fileID: 0}
    - target: {fileID: 4792215140907836, guid: c7355ffcfe345de42abcf9ef8da116db, type: 2}
      propertyPath: m_LocalRotation.z
      value: -0
      objectReference: {fileID: 0}
    - target: {fileID: 4792215140907836, guid: c7355ffcfe345de42abcf9ef8da116db, type: 2}
      propertyPath: m_LocalRotation.w
      value: 1
      objectReference: {fileID: 0}
    - target: {fileID: 4792215140907836, guid: c7355ffcfe345de42abcf9ef8da116db, type: 2}
      propertyPath: m_RootOrder
      value: 1
      objectReference: {fileID: 0}
    - target: {fileID: 1775537635362900, guid: c7355ffcfe345de42abcf9ef8da116db, type: 2}
      propertyPath: m_StaticEditorFlags
      value: 4294967295
      objectReference: {fileID: 0}
    - target: {fileID: 1094579362292838, guid: c7355ffcfe345de42abcf9ef8da116db, type: 2}
      propertyPath: m_StaticEditorFlags
      value: 4294967295
      objectReference: {fileID: 0}
    - target: {fileID: 1637577813050754, guid: c7355ffcfe345de42abcf9ef8da116db, type: 2}
      propertyPath: m_StaticEditorFlags
      value: 4294967295
      objectReference: {fileID: 0}
    m_RemovedComponents: []
  m_ParentPrefab: {fileID: 100100000, guid: c7355ffcfe345de42abcf9ef8da116db, type: 2}
  m_IsPrefabParent: 0
--- !u!1001 &1692893631
Prefab:
  m_ObjectHideFlags: 0
  serializedVersion: 2
  m_Modification:
    m_TransformParent: {fileID: 0}
    m_Modifications:
    - target: {fileID: 400000, guid: 7c99f69f10017a2418351009f036737a, type: 3}
      propertyPath: m_LocalPosition.x
      value: 0
      objectReference: {fileID: 0}
    - target: {fileID: 400000, guid: 7c99f69f10017a2418351009f036737a, type: 3}
      propertyPath: m_LocalPosition.y
      value: -0.755
      objectReference: {fileID: 0}
    - target: {fileID: 400000, guid: 7c99f69f10017a2418351009f036737a, type: 3}
      propertyPath: m_LocalPosition.z
      value: 0
      objectReference: {fileID: 0}
    - target: {fileID: 400000, guid: 7c99f69f10017a2418351009f036737a, type: 3}
      propertyPath: m_LocalRotation.x
      value: 0
      objectReference: {fileID: 0}
    - target: {fileID: 400000, guid: 7c99f69f10017a2418351009f036737a, type: 3}
      propertyPath: m_LocalRotation.y
      value: -0
      objectReference: {fileID: 0}
    - target: {fileID: 400000, guid: 7c99f69f10017a2418351009f036737a, type: 3}
      propertyPath: m_LocalRotation.z
      value: -0
      objectReference: {fileID: 0}
    - target: {fileID: 400000, guid: 7c99f69f10017a2418351009f036737a, type: 3}
      propertyPath: m_LocalRotation.w
      value: 1
      objectReference: {fileID: 0}
    - target: {fileID: 400000, guid: 7c99f69f10017a2418351009f036737a, type: 3}
      propertyPath: m_RootOrder
      value: 27
      objectReference: {fileID: 0}
    - target: {fileID: 2300000, guid: 7c99f69f10017a2418351009f036737a, type: 3}
      propertyPath: m_Materials.Array.data[0]
      value: 
      objectReference: {fileID: 2100000, guid: f5604430cac333c49ad2efd37494b7eb, type: 2}
    - target: {fileID: 400000, guid: 7c99f69f10017a2418351009f036737a, type: 3}
      propertyPath: m_LocalScale.x
      value: 1.17
      objectReference: {fileID: 0}
    - target: {fileID: 400000, guid: 7c99f69f10017a2418351009f036737a, type: 3}
      propertyPath: m_LocalScale.y
      value: 1.1700001
      objectReference: {fileID: 0}
    - target: {fileID: 400000, guid: 7c99f69f10017a2418351009f036737a, type: 3}
      propertyPath: m_LocalScale.z
      value: 1.1700001
      objectReference: {fileID: 0}
    - target: {fileID: 100000, guid: 7c99f69f10017a2418351009f036737a, type: 3}
      propertyPath: m_StaticEditorFlags
      value: 4294967295
      objectReference: {fileID: 0}
    - target: {fileID: 100002, guid: 7c99f69f10017a2418351009f036737a, type: 3}
      propertyPath: m_StaticEditorFlags
      value: 4294967295
      objectReference: {fileID: 0}
    m_RemovedComponents: []
  m_ParentPrefab: {fileID: 100100000, guid: 7c99f69f10017a2418351009f036737a, type: 3}
  m_IsPrefabParent: 0
--- !u!1001 &1760299674
Prefab:
  m_ObjectHideFlags: 0
  serializedVersion: 2
  m_Modification:
    m_TransformParent: {fileID: 0}
    m_Modifications:
    - target: {fileID: 4410326452392880, guid: a9b0881291c247a43a7d26346c7b96cf, type: 2}
      propertyPath: m_LocalPosition.x
      value: 0.294
      objectReference: {fileID: 0}
    - target: {fileID: 4410326452392880, guid: a9b0881291c247a43a7d26346c7b96cf, type: 2}
      propertyPath: m_LocalPosition.y
      value: 1.401
      objectReference: {fileID: 0}
    - target: {fileID: 4410326452392880, guid: a9b0881291c247a43a7d26346c7b96cf, type: 2}
      propertyPath: m_LocalPosition.z
      value: 4.053
      objectReference: {fileID: 0}
    - target: {fileID: 4410326452392880, guid: a9b0881291c247a43a7d26346c7b96cf, type: 2}
      propertyPath: m_LocalRotation.x
      value: 0
      objectReference: {fileID: 0}
    - target: {fileID: 4410326452392880, guid: a9b0881291c247a43a7d26346c7b96cf, type: 2}
      propertyPath: m_LocalRotation.y
      value: -0
      objectReference: {fileID: 0}
    - target: {fileID: 4410326452392880, guid: a9b0881291c247a43a7d26346c7b96cf, type: 2}
      propertyPath: m_LocalRotation.z
      value: -0
      objectReference: {fileID: 0}
    - target: {fileID: 4410326452392880, guid: a9b0881291c247a43a7d26346c7b96cf, type: 2}
      propertyPath: m_LocalRotation.w
      value: 1
      objectReference: {fileID: 0}
    - target: {fileID: 4410326452392880, guid: a9b0881291c247a43a7d26346c7b96cf, type: 2}
      propertyPath: m_RootOrder
      value: 22
      objectReference: {fileID: 0}
    - target: {fileID: 1112208225019436, guid: a9b0881291c247a43a7d26346c7b96cf, type: 2}
      propertyPath: m_Name
      value: Candle (3)
      objectReference: {fileID: 0}
    m_RemovedComponents: []
  m_ParentPrefab: {fileID: 100100000, guid: a9b0881291c247a43a7d26346c7b96cf, type: 2}
  m_IsPrefabParent: 0
--- !u!1001 &1803805245
Prefab:
  m_ObjectHideFlags: 0
  serializedVersion: 2
  m_Modification:
    m_TransformParent: {fileID: 0}
    m_Modifications:
    - target: {fileID: 4921505786900062, guid: 97062ac6793744b18ad496e89ddf69e1, type: 2}
      propertyPath: m_LocalPosition.x
      value: -4.3966
      objectReference: {fileID: 0}
    - target: {fileID: 4921505786900062, guid: 97062ac6793744b18ad496e89ddf69e1, type: 2}
      propertyPath: m_LocalPosition.y
      value: 0.87
      objectReference: {fileID: 0}
    - target: {fileID: 4921505786900062, guid: 97062ac6793744b18ad496e89ddf69e1, type: 2}
      propertyPath: m_LocalPosition.z
      value: 0.73946595
      objectReference: {fileID: 0}
    - target: {fileID: 4921505786900062, guid: 97062ac6793744b18ad496e89ddf69e1, type: 2}
      propertyPath: m_LocalRotation.x
      value: 0.16439502
      objectReference: {fileID: 0}
    - target: {fileID: 4921505786900062, guid: 97062ac6793744b18ad496e89ddf69e1, type: 2}
      propertyPath: m_LocalRotation.y
      value: 0.83842266
      objectReference: {fileID: 0}
    - target: {fileID: 4921505786900062, guid: 97062ac6793744b18ad496e89ddf69e1, type: 2}
      propertyPath: m_LocalRotation.z
      value: 0.07697215
      objectReference: {fileID: 0}
    - target: {fileID: 4921505786900062, guid: 97062ac6793744b18ad496e89ddf69e1, type: 2}
      propertyPath: m_LocalRotation.w
      value: 0.5139038
      objectReference: {fileID: 0}
    - target: {fileID: 4921505786900062, guid: 97062ac6793744b18ad496e89ddf69e1, type: 2}
      propertyPath: m_RootOrder
      value: 5
      objectReference: {fileID: 0}
    m_RemovedComponents: []
  m_ParentPrefab: {fileID: 100100000, guid: 97062ac6793744b18ad496e89ddf69e1, type: 2}
  m_IsPrefabParent: 0
--- !u!1001 &1804920766
Prefab:
  m_ObjectHideFlags: 0
  serializedVersion: 2
  m_Modification:
    m_TransformParent: {fileID: 0}
    m_Modifications:
    - target: {fileID: 4133635643734460, guid: 8710bd4e4247f4e4dbc80dcbd2e0cd93, type: 2}
      propertyPath: m_LocalPosition.x
      value: -4.532
      objectReference: {fileID: 0}
    - target: {fileID: 4133635643734460, guid: 8710bd4e4247f4e4dbc80dcbd2e0cd93, type: 2}
      propertyPath: m_LocalPosition.y
      value: 2.172
      objectReference: {fileID: 0}
    - target: {fileID: 4133635643734460, guid: 8710bd4e4247f4e4dbc80dcbd2e0cd93, type: 2}
      propertyPath: m_LocalPosition.z
      value: -2.444
      objectReference: {fileID: 0}
    - target: {fileID: 4133635643734460, guid: 8710bd4e4247f4e4dbc80dcbd2e0cd93, type: 2}
      propertyPath: m_LocalRotation.x
      value: -0
      objectReference: {fileID: 0}
    - target: {fileID: 4133635643734460, guid: 8710bd4e4247f4e4dbc80dcbd2e0cd93, type: 2}
      propertyPath: m_LocalRotation.y
      value: 0.50110036
      objectReference: {fileID: 0}
    - target: {fileID: 4133635643734460, guid: 8710bd4e4247f4e4dbc80dcbd2e0cd93, type: 2}
      propertyPath: m_LocalRotation.z
      value: -0
      objectReference: {fileID: 0}
    - target: {fileID: 4133635643734460, guid: 8710bd4e4247f4e4dbc80dcbd2e0cd93, type: 2}
      propertyPath: m_LocalRotation.w
      value: 0.86538917
      objectReference: {fileID: 0}
    - target: {fileID: 4133635643734460, guid: 8710bd4e4247f4e4dbc80dcbd2e0cd93, type: 2}
      propertyPath: m_RootOrder
      value: 0
      objectReference: {fileID: 0}
    m_RemovedComponents: []
  m_ParentPrefab: {fileID: 100100000, guid: 8710bd4e4247f4e4dbc80dcbd2e0cd93, type: 2}
  m_IsPrefabParent: 0
--- !u!1001 &1820626919
Prefab:
  m_ObjectHideFlags: 0
  serializedVersion: 2
  m_Modification:
    m_TransformParent: {fileID: 0}
    m_Modifications:
    - target: {fileID: 4410326452392880, guid: a9b0881291c247a43a7d26346c7b96cf, type: 2}
      propertyPath: m_LocalPosition.x
      value: 0.165
      objectReference: {fileID: 0}
    - target: {fileID: 4410326452392880, guid: a9b0881291c247a43a7d26346c7b96cf, type: 2}
      propertyPath: m_LocalPosition.y
      value: 1.401
      objectReference: {fileID: 0}
    - target: {fileID: 4410326452392880, guid: a9b0881291c247a43a7d26346c7b96cf, type: 2}
      propertyPath: m_LocalPosition.z
      value: 4.053
      objectReference: {fileID: 0}
    - target: {fileID: 4410326452392880, guid: a9b0881291c247a43a7d26346c7b96cf, type: 2}
      propertyPath: m_LocalRotation.x
      value: 0
      objectReference: {fileID: 0}
    - target: {fileID: 4410326452392880, guid: a9b0881291c247a43a7d26346c7b96cf, type: 2}
      propertyPath: m_LocalRotation.y
      value: -0
      objectReference: {fileID: 0}
    - target: {fileID: 4410326452392880, guid: a9b0881291c247a43a7d26346c7b96cf, type: 2}
      propertyPath: m_LocalRotation.z
      value: -0
      objectReference: {fileID: 0}
    - target: {fileID: 4410326452392880, guid: a9b0881291c247a43a7d26346c7b96cf, type: 2}
      propertyPath: m_LocalRotation.w
      value: 1
      objectReference: {fileID: 0}
    - target: {fileID: 4410326452392880, guid: a9b0881291c247a43a7d26346c7b96cf, type: 2}
      propertyPath: m_RootOrder
      value: 21
      objectReference: {fileID: 0}
    - target: {fileID: 1112208225019436, guid: a9b0881291c247a43a7d26346c7b96cf, type: 2}
      propertyPath: m_Name
      value: Candle (2)
      objectReference: {fileID: 0}
    m_RemovedComponents: []
  m_ParentPrefab: {fileID: 100100000, guid: a9b0881291c247a43a7d26346c7b96cf, type: 2}
  m_IsPrefabParent: 0
--- !u!1001 &1933426979
Prefab:
  m_ObjectHideFlags: 0
  serializedVersion: 2
  m_Modification:
    m_TransformParent: {fileID: 0}
    m_Modifications:
    - target: {fileID: 4417219795530868, guid: 3e546a3dd90dc430abc0445b7f31ce55, type: 2}
      propertyPath: m_LocalPosition.x
      value: -54
      objectReference: {fileID: 0}
    - target: {fileID: 4417219795530868, guid: 3e546a3dd90dc430abc0445b7f31ce55, type: 2}
      propertyPath: m_LocalPosition.y
      value: 0
      objectReference: {fileID: 0}
    - target: {fileID: 4417219795530868, guid: 3e546a3dd90dc430abc0445b7f31ce55, type: 2}
      propertyPath: m_LocalPosition.z
      value: 0
      objectReference: {fileID: 0}
    - target: {fileID: 4417219795530868, guid: 3e546a3dd90dc430abc0445b7f31ce55, type: 2}
      propertyPath: m_LocalRotation.x
      value: 0
      objectReference: {fileID: 0}
    - target: {fileID: 4417219795530868, guid: 3e546a3dd90dc430abc0445b7f31ce55, type: 2}
      propertyPath: m_LocalRotation.y
      value: 0
      objectReference: {fileID: 0}
    - target: {fileID: 4417219795530868, guid: 3e546a3dd90dc430abc0445b7f31ce55, type: 2}
      propertyPath: m_LocalRotation.z
      value: 0
      objectReference: {fileID: 0}
    - target: {fileID: 4417219795530868, guid: 3e546a3dd90dc430abc0445b7f31ce55, type: 2}
      propertyPath: m_LocalRotation.w
      value: 1
      objectReference: {fileID: 0}
    - target: {fileID: 4417219795530868, guid: 3e546a3dd90dc430abc0445b7f31ce55, type: 2}
      propertyPath: m_RootOrder
      value: 18
      objectReference: {fileID: 0}
    - target: {fileID: 224567343941862460, guid: 3e546a3dd90dc430abc0445b7f31ce55,
        type: 2}
      propertyPath: m_SizeDelta.y
      value: 180
      objectReference: {fileID: 0}
    - target: {fileID: 224567343941862460, guid: 3e546a3dd90dc430abc0445b7f31ce55,
        type: 2}
      propertyPath: m_AnchoredPosition.y
      value: 115
      objectReference: {fileID: 0}
    m_RemovedComponents: []
  m_ParentPrefab: {fileID: 100100000, guid: 3e546a3dd90dc430abc0445b7f31ce55, type: 2}
  m_IsPrefabParent: 0
--- !u!1 &1996359292
GameObject:
  m_ObjectHideFlags: 0
  m_PrefabParentObject: {fileID: 0}
  m_PrefabInternal: {fileID: 0}
  serializedVersion: 5
  m_Component:
  - component: {fileID: 1996359294}
  - component: {fileID: 1996359293}
  m_Layer: 0
  m_Name: Point_light_bed
  m_TagString: Untagged
  m_Icon: {fileID: 0}
  m_NavMeshLayer: 0
  m_StaticEditorFlags: 0
  m_IsActive: 1
--- !u!108 &1996359293
Light:
  m_ObjectHideFlags: 0
  m_PrefabParentObject: {fileID: 0}
  m_PrefabInternal: {fileID: 0}
  m_GameObject: {fileID: 1996359292}
  m_Enabled: 1
  serializedVersion: 8
  m_Type: 2
  m_Color: {r: 0.85294116, g: 0.7115912, b: 0.33866784, a: 1}
  m_Intensity: 2
  m_Range: 0.9
  m_SpotAngle: 30
  m_CookieSize: 10
  m_Shadows:
    m_Type: 0
    m_Resolution: -1
    m_CustomResolution: -1
    m_Strength: 1
    m_Bias: 0.05
    m_NormalBias: 0.4
    m_NearPlane: 0.2
  m_Cookie: {fileID: 0}
  m_DrawHalo: 0
  m_Flare: {fileID: 0}
  m_RenderMode: 0
  m_CullingMask:
    serializedVersion: 2
    m_Bits: 4294967295
  m_Lightmapping: 2
  m_AreaSize: {x: 1, y: 1}
  m_BounceIntensity: 1
  m_ColorTemperature: 6570
  m_UseColorTemperature: 0
  m_ShadowRadius: 0
  m_ShadowAngle: 0
--- !u!4 &1996359294
Transform:
  m_ObjectHideFlags: 0
  m_PrefabParentObject: {fileID: 0}
  m_PrefabInternal: {fileID: 0}
  m_GameObject: {fileID: 1996359292}
  m_LocalRotation: {x: 0, y: 0, z: 0, w: 1}
  m_LocalPosition: {x: -4.15, y: 1.3, z: 0.73}
  m_LocalScale: {x: 1, y: 1, z: 1}
  m_Children: []
  m_Father: {fileID: 0}
  m_RootOrder: 34
  m_LocalEulerAnglesHint: {x: 0, y: 0, z: 0}
--- !u!1001 &1998633646
Prefab:
  m_ObjectHideFlags: 0
  serializedVersion: 2
  m_Modification:
    m_TransformParent: {fileID: 0}
    m_Modifications:
    - target: {fileID: 4133635643734460, guid: 8710bd4e4247f4e4dbc80dcbd2e0cd93, type: 2}
      propertyPath: m_LocalPosition.x
      value: -4.398
      objectReference: {fileID: 0}
    - target: {fileID: 4133635643734460, guid: 8710bd4e4247f4e4dbc80dcbd2e0cd93, type: 2}
      propertyPath: m_LocalPosition.y
      value: 2.172
      objectReference: {fileID: 0}
    - target: {fileID: 4133635643734460, guid: 8710bd4e4247f4e4dbc80dcbd2e0cd93, type: 2}
      propertyPath: m_LocalPosition.z
      value: 2.687
      objectReference: {fileID: 0}
    - target: {fileID: 4133635643734460, guid: 8710bd4e4247f4e4dbc80dcbd2e0cd93, type: 2}
      propertyPath: m_LocalRotation.x
      value: 0
      objectReference: {fileID: 0}
    - target: {fileID: 4133635643734460, guid: 8710bd4e4247f4e4dbc80dcbd2e0cd93, type: 2}
      propertyPath: m_LocalRotation.y
      value: 0.86602545
      objectReference: {fileID: 0}
    - target: {fileID: 4133635643734460, guid: 8710bd4e4247f4e4dbc80dcbd2e0cd93, type: 2}
      propertyPath: m_LocalRotation.z
      value: 0
      objectReference: {fileID: 0}
    - target: {fileID: 4133635643734460, guid: 8710bd4e4247f4e4dbc80dcbd2e0cd93, type: 2}
      propertyPath: m_LocalRotation.w
      value: 0.49999994
      objectReference: {fileID: 0}
    - target: {fileID: 4133635643734460, guid: 8710bd4e4247f4e4dbc80dcbd2e0cd93, type: 2}
      propertyPath: m_RootOrder
      value: 30
      objectReference: {fileID: 0}
    - target: {fileID: 1730304021019712, guid: 8710bd4e4247f4e4dbc80dcbd2e0cd93, type: 2}
      propertyPath: m_Name
      value: lamp (1)
      objectReference: {fileID: 0}
    - target: {fileID: 108802194544601800, guid: 8710bd4e4247f4e4dbc80dcbd2e0cd93,
        type: 2}
      propertyPath: m_Lightmapping
      value: 2
      objectReference: {fileID: 0}
    m_RemovedComponents: []
  m_ParentPrefab: {fileID: 100100000, guid: 8710bd4e4247f4e4dbc80dcbd2e0cd93, type: 2}
  m_IsPrefabParent: 0
--- !u!1 &2010769107
GameObject:
  m_ObjectHideFlags: 0
  m_PrefabParentObject: {fileID: 0}
  m_PrefabInternal: {fileID: 0}
  serializedVersion: 5
  m_Component:
  - component: {fileID: 2010769109}
  - component: {fileID: 2010769108}
  m_Layer: 0
  m_Name: Point light_middle
  m_TagString: Untagged
  m_Icon: {fileID: 0}
  m_NavMeshLayer: 0
  m_StaticEditorFlags: 0
  m_IsActive: 1
--- !u!108 &2010769108
Light:
  m_ObjectHideFlags: 0
  m_PrefabParentObject: {fileID: 0}
  m_PrefabInternal: {fileID: 0}
  m_GameObject: {fileID: 2010769107}
  m_Enabled: 1
  serializedVersion: 8
  m_Type: 2
  m_Color: {r: 0.85294116, g: 0.70986736, b: 0.3323962, a: 1}
  m_Intensity: 2
  m_Range: 5
  m_SpotAngle: 30
  m_CookieSize: 10
  m_Shadows:
    m_Type: 0
    m_Resolution: -1
    m_CustomResolution: -1
    m_Strength: 1
    m_Bias: 0.05
    m_NormalBias: 0.4
    m_NearPlane: 0.2
  m_Cookie: {fileID: 0}
  m_DrawHalo: 0
  m_Flare: {fileID: 0}
  m_RenderMode: 0
  m_CullingMask:
    serializedVersion: 2
    m_Bits: 4294967295
  m_Lightmapping: 2
  m_AreaSize: {x: 1, y: 1}
  m_BounceIntensity: 1
  m_ColorTemperature: 6570
  m_UseColorTemperature: 0
  m_ShadowRadius: 0
  m_ShadowAngle: 0
--- !u!4 &2010769109
Transform:
  m_ObjectHideFlags: 0
  m_PrefabParentObject: {fileID: 0}
  m_PrefabInternal: {fileID: 0}
  m_GameObject: {fileID: 2010769107}
  m_LocalRotation: {x: 0, y: 0, z: 0, w: 1}
  m_LocalPosition: {x: 0, y: 2.889, z: 0}
  m_LocalScale: {x: 1, y: 1, z: 1}
  m_Children: []
  m_Father: {fileID: 0}
  m_RootOrder: 24
  m_LocalEulerAnglesHint: {x: 0, y: 0, z: 0}
--- !u!1001 &2133672182
Prefab:
  m_ObjectHideFlags: 0
  serializedVersion: 2
  m_Modification:
    m_TransformParent: {fileID: 0}
    m_Modifications:
    - target: {fileID: 4017988633304126, guid: 068e1470f74f1064fb31fc4e6485a217, type: 2}
      propertyPath: m_LocalPosition.x
      value: 3.252
      objectReference: {fileID: 0}
    - target: {fileID: 4017988633304126, guid: 068e1470f74f1064fb31fc4e6485a217, type: 2}
      propertyPath: m_LocalPosition.y
      value: 0.011
      objectReference: {fileID: 0}
    - target: {fileID: 4017988633304126, guid: 068e1470f74f1064fb31fc4e6485a217, type: 2}
      propertyPath: m_LocalPosition.z
      value: -0.145
      objectReference: {fileID: 0}
    - target: {fileID: 4017988633304126, guid: 068e1470f74f1064fb31fc4e6485a217, type: 2}
      propertyPath: m_LocalRotation.x
      value: -0
      objectReference: {fileID: 0}
    - target: {fileID: 4017988633304126, guid: 068e1470f74f1064fb31fc4e6485a217, type: 2}
      propertyPath: m_LocalRotation.y
      value: -0.7368612
      objectReference: {fileID: 0}
    - target: {fileID: 4017988633304126, guid: 068e1470f74f1064fb31fc4e6485a217, type: 2}
      propertyPath: m_LocalRotation.z
      value: -0
      objectReference: {fileID: 0}
    - target: {fileID: 4017988633304126, guid: 068e1470f74f1064fb31fc4e6485a217, type: 2}
      propertyPath: m_LocalRotation.w
      value: 0.6760441
      objectReference: {fileID: 0}
    - target: {fileID: 4017988633304126, guid: 068e1470f74f1064fb31fc4e6485a217, type: 2}
      propertyPath: m_RootOrder
      value: 28
      objectReference: {fileID: 0}
    - target: {fileID: 1929378189801920, guid: 068e1470f74f1064fb31fc4e6485a217, type: 2}
      propertyPath: m_Name
      value: rug (1)
      objectReference: {fileID: 0}
    m_RemovedComponents: []
  m_ParentPrefab: {fileID: 100100000, guid: 068e1470f74f1064fb31fc4e6485a217, type: 2}
  m_IsPrefabParent: 0
